1607 2536
161 405 178 430 5

146 699 178 723 lo

146 990 179 1016 15

145 1284 180 1309 20

197 62 254 103 42
634 64 842 99 DARETIS
869 65 1069 101 PHRYGH

198 161 246 199 ut
281 158 411 200 faciat
442 173 466 199 a
497 158 666 201 Priamo
698 160 884 202 indutias
916 161 1023 215 petit
1054 161 1196 216 ibique
1228 161 1350 203 ludos
1383 161 1500 202 fune-

198 218 295 258 bres
326 217 439 258 facit.

315 275 488 317 XXXV.
567 275 730 317 Deinde
780 278 1002 319 consilium
1053 281 1274 331 convocat,
1318 278 1501 334 Argivos

199 334 438 389 alloquitur.
516 335 657 401 placet
706 336 920 390 omnibus,
971 340 1018 377 ut
1067 351 1115 378 ea
1166 351 1272 391 quae
1321 336 1501 378 Achillis

199 395 340 433 essent
376 392 499 434 Aiaci
536 393 776 448 propinquo
815 395 903 436 eius
941 395 1338 436 commendarentur
1376 399 1502 452 atque

198 451 258 491 ita
300 450 411 492 Aiax
455 451 532 492 ait:
578 466 673 493 cum
716 453 827 494 filius
870 452 1176 508 Neoptolemus
1227 454 1264 495 ei
1309 455 1503 508 supersit,

197 509 412 551 neminem
467 510 643 566 aequius
700 525 826 565 super
873 511 1160 566 Myrmidones
1215 512 1502 566 principatum

197 568 354 609 habere
381 583 508 634 quarn
535 583 648 622 eum,
680 573 874 624 oportere
900 585 995 611 eum
1023 571 1075 611 ad
1100 585 1289 626 pugnam
1309 571 1503 613 accersiri

198 627 319 681 eique
351 627 548 669 universa
580 642 687 682 quae
717 629 852 682 patris
884 632 1004 670 erant
1037 629 1216 670 iestitui.
1278 630 1502 670 consilium

198 685 310 726 idem
346 686 506 739 placuit
542 685 859 741 Agamemnoni
890 691 932 728 et
967 688 1181 741 omnibus,
1219 687 1344 728 datur
1373 701 1502 742 nego·
1552 740 1557 743 Α

197 743 304 785 tium
345 743 551 785 Menelao.
627 745 696 786 1110
737 744 935 800 Scyrum
960 721 1239 799 proficiscitur
1278 746 1331 787 ad
1371 745 1503 800 Lyco-

197 802 363 843 medem
390 817 515 844 avum
541 803 648 856 eius,
673 803 872 858 imperat,
897 807 945 846 ut
969 807 1169 859 nepotem
1195 819 1318 845 suum
1347 805 1502 846 mittat.

198 861 311 915 quod
336 860 509 916 Argivis
534 860 791 916 Lycomedes
816 863 997 905 libenter
1023 863 1226 905 concedit.
1275 866 1503 918 postquam

197 919 387 960 indutiae
419 920 627 974 exierunt,
666 920 966 976 Agamemnon
1003 922 1233 963 exercitum
1270 922 1410 963 educit
1440 922 1503 962 in-

200 978 326 1019 struit
364 978 570 1020 hortatur.
639 982 787 1020 contra.
825 980 999 1022 Troiani
1043 995 1093 1022 ex
1135 980 1238 1022 urbe
1281 980 1502 1034 prodeunt.

197 1037 406 1090 proelium
455 1037 751 1092 committitur,
802 1038 847 1079 in
889 1039 1028 1093 prima
1077 1039 1165 1080 acie
1208 1038 1319 1079 Aiax
1364 1038 1503 1079 nudus

198 1098 400 1137 versatur.
480 1096 662 1138 clamore
712 1110 870 1151 magno
921 1100 1014 1139 orto
1058 1097 1182 1138 multi
1229 1111 1279 1138 ex
1322 1100 1502 1151 utroque

199 1154 384 1195 exercitu
414 1158 604 1208 pereunt.
665 1154 907 1196 Alexander
939 1170 1082 1197 arcum
1112 1155 1311 1208 tetendit,
1345 1156 1502 1196 multos

198 1212 426 1266 interfecit,
464 1212 607 1255 Aiacis
652 1214 763 1255 latus
806 1214 967 1255 nudum
1011 1214 1115 1269 figit.
1182 1213 1294 1255 Aiax
1337 1214 1502 1255 saucius

200 1270 490 1312 Alexandrum
521 1273 804 1327 persequitur,
835 1287 912 1314 nec
942 1273 1121 1326 destitit,
1152 1272 1237 1313 nisi
1268 1286 1363 1313 eum
1389 1272 1502 1329 Ι0001-

200 1329 326 1371 deret.
370 1329 482 1371 Aiax
512 1331 648 1372 fessus
680 1331 852 1372 vulnere
878 1331 923 1372 in
953 1334 1091 1373 castra
1116 1331 1313 1383 refertur,
1346 1330 1504 1385 sagitta

296 1521 312 1550 1
340 1516 504 1551 indutias
536 1527 601 1551 om.
635 1515 669 1551 G
702 1518 706 1559 1
737 1516 813 1551 fun.
845 1517 921 1551 lud.
955 1516 987 1551 G
1015 1489 1136 1562 l‘fgcit
1166 1516 1200 1550 L
1296 1521 1316 1551 3
1348 1515 1395 1550 ad
1421 1527 1504 1551 con-

199 1563 323 1597 silium
349 1563 383 1597 G
477 1568 499 1598 4
524 1564 648 1609 placet
674 1563 844 1599 omnibus
870 1574 936 1598 om.
962 1563 996 1597 L
1018 1568 1021 1608 1
1045 1574 1089 1598 66
1114 1574 1267 1608 quae—
1282 1563 1392 1608 Aiax]
1415 1563 1504 1607 quid

198 1609 368 1645 faciendo
404 1621 495 1655 opus
522 1611 571 1645 sit
602 1610 655 1645 (111
680 1611 922 1646 consulantur
947 1621 969 1645 a
995 1610 1128 1655 quibus
1161 1621 1379 1655 responsum
1411 1609 1503 1644 acci-

199 1657 310 1701 piunt
340 1667 407 1702 per
432 1657 578 1692 achillis
611 1657 788 1702 progenie
814 1658 924 1692 finem
950 1668 1104 1730 11630οἑ0
1140 1657 1229 1692 dari.
1290 1656 1380 1691 Cum
1412 1656 1504 1691 haec

978 1711 1066 1730 conce
1089 1711 1104 1729 e
1107 1707 1209 1730 rentur

199 1738 322 1773 nuntii
345 1739 561 1774 retulissent
587 1749 833 1784 agamemnon
903 1743 923 1773 5
950 1739 1251 1774 commendarent
1274 1738 1309 1773 L
1381 1743 1401 1773 6
1421 1749 1506 1773 cum

976 1786 1220 1795 00000

200 1797 329 1831 achilli
366 1797 390 1832 f.
431 1797 464 1832 G
501 1798 581 1842 (om.
622 1797 670 1842 ei)
706 1800 709 1842 Ι
744 1797 1000 1833 neobtolemus
1037 1797 1071 1831 L
1193 1802 1211 1832 7
1253 1809 1332 1842 sup.
1372 1797 1504 1842 Myr-m.

199 1844 314 1888 princ.
343 1854 408 1879 om.
428 1844 462 1878 L
557 1848 578 1880 8
604 1844 756 1890 habere]
778 1855 905 1890 gerere
925 1844 959 1879 G
981 1847 984 1885 Ι
1008 1855 1120 1889 quam
1145 1855 1229 1879 eum
1251 1855 1318 1879 om.
1339 1843 1372 1879 G
1394 1844 1398 1890 Ι
1421 1855 1505 1879 611111

200 1900 265 1925 om.
292 1891 326 1924 L
354 1892 359 1935 Ι
387 1891 556 1926 arcersiri
581 1891 616 1925 L
644 1895 646 1934 l
677 1902 847 1936 quam—
861 1891 1016 1937 placuit]
1059 1902 1216 1935 eumque
1251 1891 1421 1926 arcersiri
1457 1890 1505 1925 ad

200 1937 402 1972 exercitum
427 1939 596 1982 oportere
628 1939 670 1972 ut
700 1940 894 1983 parentem
920 1950 1026 1973 suum
1052 1938 1252 1973 ulciscatur
1279 1938 1504 1982 tandemque

199 1984 253 2018 rei
277 1984 457 2019 terminus
490 1985 607 2019 detur.
657 1985 786 2020 Placet
817 1985 850 2020 G
874 1988 954 2028 (om.
986 1985 1142 2030 placuit)
1241 1989 1284 2020 10
1309 1986 1506 2030 Agamem-

199 2031 289 2065 noni
319 2032 357 2066 et
389 2031 558 2066 omnibus
590 2042 655 2066 om.
688 2031 722 2065 L
753 2033 757 2075 1
788 2032 854 2066 dat
877 2032 912 2065 L
1021 2036 1061 2066 11
1099 2031 1160 2066 hic
1192 2032 1328 2066 scirum
1359 2031 1394 2066 G
1446 2030 1504 2065 his

201 2077 340 2112 circum
364 2077 399 2111 L
420 2080 424 2122 ί
446 2078 653 2113 licomeden
673 2077 707 2112 G
805 2082 846 2113 17
872 2079 981 2113 horto
1008 2078 1041 2112 G
1062 2080 1067 2121 l
1090 2089 1135 2113 ex
1159 2089 1226 2113 om.
1252 2077 1287 2113 G
1314 2080 1317 2121 Ι
1346 2079 1505 2121 utraque

201 2126 308 2169 parte
338 2125 529 2168 perierunt
564 2125 654 2160 fessi
691 2124 825 2159 acriter
861 2125 1064 2169 pugnando
1097 2125 1131 2159 G
1235 2128 1278 2159 18
1315 2124 1437 2159 tendit
1472 2123 1506 2158 G

204 2176 245 2206 19
284 2171 476 2217 interficit]
509 2171 645 2206 occidit
683 2171 716 2206 G
747 2174 751 2214 ξ
784 2171 879 2206 61601
917 2171 950 2206 G
981 2175 984 2214 Ι
1017 2171 1063 2206 al.
1107 2182 1174 2216 per
1207 2171 1332 2206 hostes
1371 2170 1507 2206 acriter

201 2218 374 2299 perseqCuJi
412 2218 534 2264 coepit
572 2218 606 2253 G
713 2222 758 2253 20
796 2229 880 2253 eum
917 2229 982 2253 om.
1021 2217 1055 2253 G
1115 2217 1314 2263 occideret]
1345 2219 1504 2263 proster-

202 2275 305 2299 nere·
368 2293 374 2299 .
