1607 2536
622 37 956 73 PRAEFATIO.
1350 54 1447 85 XVII

248 134 372 176 Unde
405 133 607 175 oriundus
641 134 697 174 sit
728 135 874 175 auctor
906 135 949 174 et
973 147 1056 188 quo
1082 136 1274 188 tempore
1293 136 1445 178 vixerit

131 193 302 235 difficile
329 195 395 234 est
414 192 467 233 ad
487 191 823 234 diiudicandum:
849 206 938 233 non
956 192 1066 233 male
1079 191 1308 248 Dungerus
1328 210 1368 249 p.
1391 197 1446 238 14

130 266 227 293 eum
258 251 501 293 Romanum
537 251 670 292 fuisse
710 251 808 291 inde
846 251 1109 305 conprobare
1150 256 1329 295 conatus
1369 258 1444 309 est,

132 311 246 365 quod
277 325 373 353 cum
393 309 451 364 (p.
478 310 516 363 3,
540 308 613 365 17)
633 310 984 364 Argonautarum
1004 311 1267 352 mentionem
1287 312 1446 368 fecerit,

76 396 79 397 ν
132 369 182 410 de
213 369 477 425 Argonautis
510 367 673 410 Valerii
704 368 845 410 Flacci
877 368 968 423 (qui
1000 372 1098 410 ante
1131 385 1166 411 a.
1194 371 1250 412 90
1281 386 1321 425 p.
1348 371 1444 414 Chr.

130 430 325 470 mortuus
359 427 441 483 est)
473 428 736 483 cogitaverit,
768 428 970 482 quoniam
1003 442 1054 469 ex
1090 428 1158 470 his
1197 431 1444 473 nominatus

130 487 186 528 sit
217 487 346 528 etiam
364 486 623 528 Philoctetes
644 486 702 542 (p.
724 487 792 541 20,
816 486 901 540 17),
933 501 1058 541 quem
1078 487 1148 528 ille
1182 489 1297 529 solus
1330 490 1444 531 exhi-

128 545 239 587 beat.
288 545 397 587 Item
423 548 535 587 recte
568 548 714 587 censet
738 546 827 586 eius
847 546 1004 586 librum
1023 548 1242 600 postremo
1262 550 1445 603 tempori

129 605 399 660 antiquitatis
419 604 638 646 Romanae
659 605 826 646 saeculo
856 607 974 646 sext-o
996 605 1321 648 adscribendum
1341 622 1444 649 esse.

249 662 392 717 Stilus,
426 664 482 705 sit
500 664 626 705 venia
647 664 776 705 verbo
796 664 841 704 in
860 663 942 705 hoc
962 664 1180 719 scriptore,
1214 668 1282 706 est
1301 667 1444 722 negle-

132 722 427 777 gentissimus:
487 723 634 764 eadem
683 723 832 776 verba,
883 722 1054 763 eaedem
1105 725 1444 767 constructiones

130 781 377 835 saepissime
399 784 652 836 repetuntur
683 795 820 837 neque
851 782 939 822 ulla
970 781 1015 822 in
1046 782 1172 823 rebus
1206 783 1444 825 describen-

130 839 194 881 djs
227 855 295 881 ars
329 843 403 881 aut
430 840 618 882 studium
638 840 858 882 varietatis
878 840 1156 882 manifestum
1176 844 1253 895 est,
1286 843 1446 897 simpli-

130 899 300 940 cissime
333 899 476 940 omnia
509 902 552 940 et
584 900 620 940 si
651 899 744 940 fieri
779 901 923 953 potest
955 899 1101 940 eadem
1132 901 1309 955 ratione,
1342 902 1446 956 quin

130 957 261 999 immo
293 958 444 999 iisdem
474 958 615 999 verbis
650 960 939 1012 exponuntur,
978 958 1091 1013 quod
1123 959 1231 1000 bene
1263 961 1446 1014 explosit

128 1015 332 1058 Albertus
348 1015 582 1071 Stadensis,
596 1016 647 1057 de
661 1031 744 1071 quo
758 1016 870 1057 infra
884 1017 1118 1072 loquemur,
1139 1032 1235 1059 cum
1256 1022 1443 1061 caneret:

245 1075 435 1117 Vocibus
467 1076 628 1117 instare
660 1090 739 1117 nos
772 1090 938 1129 semper
971 1078 1139 1130 oportet
1164 1077 1342 1118 eisdem:

247 1133 515 1188 Sternuntur,
548 1137 755 1188 sternunt,
787 1135 922 1175 millia
953 1134 1089 1176 multa
1121 1135 1289 1177 cadunt.

128 1191 299 1235 Scilicet
317 1194 609 1247 epitomatoris
630 1194 696 1234 vel
720 1193 849 1234 etiam
880 1194 1046 1247 pueruli
1078 1194 1265 1235 ieiunam
1296 1210 1443 1237 narra-

126 1252 287 1293 tionem
324 1254 367 1293 te
398 1253 538 1308 legere
572 1253 809 1307 suspiceris.
864 1252 916 1293 In
946 1252 1027 1294 hoc
1061 1253 1171 1294 libro
1205 1256 1346 1295 autem
1379 1258 1443 1296 ut-

127 1325 308 1366 cumque
340 1312 581 1365 conscripto
613 1314 757 1353 utrum
781 1311 959 1353 nomina
977 1313 1150 1366 propria
1170 1312 1443 1355 librariorum

77 1411 82 1413 Δ
127 1369 306 1424 incuria,
340 1385 395 1411 an
425 1385 514 1412 non
544 1371 679 1424 ipsius
713 1371 897 1412 auctoris
930 1371 1053 1424 culpa
1085 1373 1176 1412 tam
1207 1371 1330 1413 foede
1354 1387 1443 1414 cor-

128 1430 255 1482 rupta
287 1429 384 1482 sint,
415 1429 505 1470 iure
538 1429 724 1471 dubitari
754 1429 863 1471 licet.

248 1485 450 1528 Severum
483 1487 652 1542 quidem
685 1487 758 1529 sed
796 1488 957 1529 iustum
996 1491 1061 1529 est
1097 1488 1298 1531 iudicium
1331 1490 1443 1545 quod

129 1545 358 1588 Mercerius
408 1547 452 1587 in
496 1547 758 1600 praefatione
803 1547 1001 1588 editionis
1044 1562 1144 1589 suae
1189 1548 1239 1589 de
1286 1547 1442 1590 Darete

132 1604 255 1646 facit:
275 1605 344 1659 „in
365 1619 448 1659 quo
468 1620 604 1661 neque
624 1605 906 1648 eruditionem
924 1621 1061 1660 neque
1081 1606 1283 1648 iudicium
1303 1622 1440 1663 neque

133 1663 265 1705 ullam
303 1664 555 1706 elocutionis
597 1665 855 1721 elegantiam
894 1665 1187 1720 observamus,
1224 1668 1272 1707 ut
1314 1667 1442 1708 nimis

130 1722 400 1777 impudenter
448 1724 600 1766 fecisse
650 1724 860 1778 videatur,
908 1725 980 1779 qui
1028 1723 1214 1766 Cornelii
1259 1724 1441 1780 Nepotis

127 1795 286 1823 nomen
317 1783 546 1824 ementitus
566 1786 633 1824 est
660 1784 782 1838 quasi
801 1783 995 1825 inficetae
1015 1783 1222 1825 versionis
1243 1785 1441 1826 auctoris.

128 1839 181 1881 In
216 1842 461 1883 narratione
499 1843 632 1884 totius
669 1842 875 1884 historiae
918 1842 1004 1883 fere
1048 1842 1204 1898 ubique
1250 1843 1441 1885 diversus

129 1899 220 1940 abit
250 1900 304 1941 ab
343 1901 461 1942 omni
492 1901 763 1955 antiquitate,
795 1915 932 1955 pauca
963 1901 1120 1942 similia
1150 1916 1249 1944 vero
1283 1902 1332 1943 de
1366 1917 1441 1944 suo

131 1957 332 2012 adstruit,
365 1959 549 2001 absurda
585 1960 938 2014 inconsequentia
973 1961 1173 2015 plurima:
1213 1963 1259 2002 ut
1296 1962 1362 2002 vel
1400 1961 1443 2003 id

128 2016 242 2072 quod
262 2016 313 2058 de
333 2018 461 2060 variis
486 2019 673 2073 plurium
706 2033 916 2061 annorum
949 2034 997 2062 ac
1029 2020 1240 2062 mensium
1260 2020 1442 2062 induciis

129 2075 309 2131 effingit,
341 2079 391 2118 ut
422 2077 475 2118 ad
507 2077 758 2120 decennium
783 2078 1005 2133 perveniat
1028 2093 1106 2121 nec
1139 2080 1365 2134 quicquam
1398 2080 1440 2120 111

128 2135 223 2177 toto
254 2135 398 2178 libello
419 2137 647 2192 singulare,
678 2140 846 2192 praeter
865 2137 1146 2179 Thesidarum
1167 2138 1442 2190 mentionem,

132 2207 239 2248 quos
270 2208 358 2236 una
389 2209 485 2237 cum
504 2195 617 2238 Anio
644 2210 733 2238 rem
758 2197 1082 2239 frumentariam
1103 2212 1274 2240 curasse
1296 2197 1443 2239 scribit

130 2253 176 2294 et
203 2252 339 2308 inepti
382 2253 444 2295 illi
488 2254 771 2298 Troianorum
817 2254 1159 2312 Graecorumque
1204 2257 1357 2298 ducum
1401 2259 1443 2297 et

200 2327 320 2355 Dans,
328 2329 503 2356 anmms.
1158 2339 1176 2364 1,
