1607 2536
189 106 246 147 20
626 106 830 140 DARETIS
858 106 1058 141 PHRYGH

189 203 299 244 fecit.
350 206 391 244 et
423 216 476 256 eo¹
505 205 694 255 tempore
726 205 899 242 venerat
925 201 1103 243 Calchas
1130 202 1334 243 Thestore
1366 206 1491 243 natus

190 261 368 302 divinus.
431 261 542 302 dona
579 274 656 314 pro
688 259 928 315 Phrygibus
967 275 991 301 a
1030 276 1104 302 suo
1143 261 1299 314 populo
1337 261 1492 301 missus

189 320 381 374 Apollini
419 319 637 373 portabat,
676 319 802 360 simul
839 320 1051 360 consuluit
1089 319 1138 360 de
1176 332 1308 373 regno
1349 319 1491 360 rebus-

191 394 270 433 que
305 378 402 419 suis.
464 378 561 419 huic
593 392 643 418 ex
676 377 801 432 adyto
833 378 1130 431 respondetur,
1161 381 1208 418 ut
1242 392 1337 418 cum
1369 378 1494 432 Argi—

156 451 171 475 5
191 451 339 478 vorum
378 437 512 477 classe
549 436 731 477 militum
777 438 923 478 contra
961 436 1168 477 Troianos
1205 435 1495 490 proficiscatur

192 509 347 549 eosque
386 509 461 536 sua
498 495 791 549 intellegentia
826 495 958 548 iuvet,
996 509 1098 536 neve
1135 494 1232 535 inde
1264 495 1380 548 prius
1413 494 1494 535 1118-

191 554 360 606 cedant,
399 568 526 608 quam
557 553 685 595 Troia
722 556 846 608 capta
884 554 950 595 sit.
1011 557 1236 608 postquam
1272 553 1317 594 111
1348 553 1495 594 fanum

190 615 366 653 ventum
403 615 484 665 est,
521 612 632 653 inter
670 626 713 653 se
752 612 940 653 Achilles
984 615 1025 653 et
1069 611 1248 654 Calchas
1291 626 1495 666 responsa

192 671 480 724 contulerunt,
512 671 745 725 gaudentes
773 671 960 725 hospitio
982 671 1212 711 amicitiam
1233 671 1497 721 confirmant,

140 742 173 768 10
192 744 277 770 una
305 729 499 770 Athenas
530 729 871 783 proficiscuntur,
902 729 1155 783 perveniunt
1185 742 1246 770 eo.
1307 728 1496 770 Achilles
1560 771 1564 773 .

191 788 337 828 eadem
363 788 407 828 111
427 787 604 829 001181110
631 788 777 841 refert,
808 787 958 843 Argivi
985 787 1188 842 gaudent,
1220 786 1496 829 Calchantem

192 860 333 887 secum
390 846 617 900 recipiunt,
667 847 844 887 classem
896 847 1076 888 solvunt.
1166 860 1261 887 cum
1316 860 1388 887 eos
1437 845 1497 886 ibi

189 907 464 959 tempestates
491 904 739 958 retinerent,
771 903 950 947 Calchas
977 918 1028 945 ex
1055 904 1231 959 augurio
1257 903 1497 958 respondet,

191 964 254 1004 uti
296 966 562 1004 revertantur
599 966 642 1004 et
678 964 723 1004 in
761 963 960 1004 Aulidem
997 963 1331 1017 proficiscantur.
1402 977 1496 1016 pro-

139 1035 172 1061 15
191 1022 291 1063 fecti
328 1022 592 1075 perveniunt.
654 1021 953 1076 Agamemnon
983 1021 1168 1063 Dianam
1205 1022 1347 1075 placat
1378 1021 1497 1062 dieit-

191 1095 272 1135 que
305 1080 430 1121 sociis
463 1080 568 1133 suis,
605 1084 655 1122 ut
685 1081 865 1122 classem
903 1081 1088 1134 solvant,
1127 1080 1180 1121 ad
1211 1080 1381 1122 Troiam
1418 1079 1498 1121 iter

191 1139 362 1180 faciant.
436 1141 614 1180 utuntur
657 1138 760 1180 duce
804 1139 1059 1193 Philocteta,
1109 1139 1181 1194 qui
1225 1153 1320 1180 cum
1361 1139 1497 1193 Argo-

190 1198 334 1239 nautis
375 1197 428 1238 ad
466 1197 639 1239 Troiam
675 1197 824 1238 fuerat.
886 1197 1035 1238 deinde
1074 1197 1291 1252 apph'cant
1321 1198 1499 1239 classem

192 1256 245 1297 ad
278 1256 479 1310 oppidum
518 1256 631 1311 quod
664 1256 741 1297 sub
773 1256 951 1310 imperio
983 1255 1143 1297 Priami
1172 1256 1285 1311 regis
1318 1258 1425 1309 erat,
1458 1258 1500 1296 et

140 1315 236 1355 211111
269 1317 534 1369 expugnant,
566 1318 804 1369 praedaque
845 1315 958 1356 facta
988 1315 1324 1369 proficiscuntur.
1379 1314 1498 1355 ⁴veni-

193 1376 271 1414 unt
313 1373 548 1426 Tenedum,
601 1374 674 1414 ubi
718 1388 864 1414 omnes
915 1373 1122 1415 occidunt.
1201 1373 1499 1428 Agamemnon

194 1431 395 1486 praedam
429 1431 589 1485 divisit,
621 1432 845 1473 consilium
877 1432 1134 1474 convocavit.

311 1489 426 1531 XVI.
488 1490 593 1531 Inde
624 1491 788 1546 legatos
822 1490 874 1531 ad
903 1490 1119 1531 Priamum
1150 1490 1300 1543 mittit,
1333 1490 1368 1530 si
1398 1489 1500 1530 velit

193 1548 403 1589 Helenam
441 1548 614 1589 reddere
653 1552 695 1590 et
731 1549 932 1603 praedam
971 1564 1099 1605 quam
1131 1548 1371 1590 Alexander
1400 1547 1501 1589 fecit

142 1621 177 1646 25
196 1607 430 1648 restituere.
497 1607 628 1662 legati
666 1608 890 1663 eleguntur
920 1607 1148 1649 Diomedes
1180 1610 1222 1648 et
1252 1606 1417 1660 Ulixes,
1455 1605 1500 1646 hi

195 1665 248 1706 ad
291 1665 510 1706 Priamum
552 1666 889 1720 proficiscuntur.
968 1666 1068 1707 dum
1111 1666 1242 1720 legati
1285 1664 1499 1705 mandatis

194 1727 363 1778 parent,
401 1723 631 1765 mittuntur
667 1724 854 1766 Achilles
895 1728 938 1766 et
968 1724 1178 1778 Telephus
1211 1723 1264 1765 ad
1295 1722 1499 1777 praedan-

292 1856 308 1885 1
336 1851 457 1886 calcas
476 1851 534 1886 hic
553 1855 584 1885 et
602 1852 747 1895 saepius
767 1850 800 1886 G
849 1851 1023 1886 chalchas
1043 1851 1076 1885 L
1098 1855 1102 1894 ι
1127 1851 1156 1886 0
1172 1863 1209 1885 u.
1229 1850 1262 1885 G
1285 1852 1288 1893 1
1311 1851 1447 1885 testore
1468 1849 1501 1885 G

195 1898 240 1933 de
260 1899 405 1933 nestore
430 1897 464 1931 L
548 1902 568 1932 2
590 1897 687 1932 Nam
712 1898 878 1933 troianus
898 1897 970 1932 fuit
989 1899 1071 1933 add.
1093 1898 1127 1932 L
1145 1901 1229 1933 ante
1248 1897 1394 1932 diuinus
1479 1900 1499 1930 3

193 1946 290 1989 port.
315 1945 385 1989 Ap.
413 1943 446 1979 G
468 1946 471 1987 1
496 1944 644 1988 suisque
663 1945 773 1980 rebus
793 1945 827 1979 L
921 1949 944 1979 4
969 1956 1013 1980 ex
1041 1945 1173 1980 auditu
1191 1944 1226 1980 G
1274 1954 1343 1979 exa
1368 1943 1448 1978 ditu
1468 1943 1502 1977 L

195 1995 215 2025 6
241 1991 346 2025 iuuet
365 1990 404 2024 F
450 1991 558 2026 iussit
581 1991 682 2034 LG]
706 2002 751 2026 ne
771 1992 832 2026 uel
850 1991 926 2026 LG
974 2003 1020 2026 ne
1040 2003 1126 2027 uere
1146 1991 1186 2026 F
1230 1991 1362 2035 scripsi
1380 2000 1472 2025 neve
1494 1989 1498 2035 Ι

194 2037 363 2072 discedat
381 2037 421 2071 F
514 2041 535 2072 8
561 2037 723 2073 Achilles
751 2049 816 2073 om.
838 2038 872 2073 G
894 2041 896 2081 1
920 2038 1067 2073 chalcas
1093 2039 1127 2072 L
1222 2043 1242 2073 9
1262 2038 1448 2083 gaudente
1468 2036 1502 2072 G

536 2092 571 2110 eo

197 2123 240 2154 10
273 2119 331 2164 eo]
359 2121 396 2154 et
422 2119 456 2154 G
505 2121 543 2154 et
567 2119 601 2154 L
699 2123 735 2153 1]
767 2119 972 2155 calcantem
997 2119 1072 2154 LG
1169 2123 1210 2154 12
1240 2130 1302 2154 eas
1327 2118 1362 2152 L
1459 2122 1499 2152 13

194 2168 459 2211 tempestatem
497 2165 531 2201 G
562 2169 566 2209 Ι
597 2166 797 2211 respondet
826 2167 863 2200 B
911 2166 1104 2211 respondit
1139 2166 1214 2201 LG
1312 2170 1355 2200 14
1394 2167 1435 2199 ut
1469 2165 1502 2199 G

198 2217 239 2247 17
266 2213 409 2248 faciunt
434 2213 468 2248 G
490 2215 493 2257 Ι
516 2213 680 2248 filoctote
700 2213 734 2247 L
782 2213 922 2248 filocita
947 2214 1051 2254 (corr.
1078 2224 1121 2247 eoe
1145 2213 1306 2256 filoceta)
1328 2212 1362 2247 G
1459 2216 1501 2246 18

196 2259 318 2294 iuerat
352 2259 381 2293 Ο
487 2264 528 2295 19
556 2261 636 2295 erat
666 2259 703 2294 R
758 2262 855 2295 esset
887 2259 962 2294 LG
1016 2261 1074 2295 est
1101 2259 1142 2294 F
1235 2263 1279 2294 22
1305 2258 1445 2304 praeda
1470 2258 1502 2292 L

197 2310 240 2340 {23
268 2306 359 2341 uelit
381 2306 430 2341 M
475 2307 590 2342 uellet
609 2306 684 2342 LG
781 2311 825 2341 25
845 2306 1032 2352 eliguntur
1056 2306 1090 2340 L
1187 2310 1230 2341 26
1257 2306 1434 2341 mandato
1455 2305 1499 2340 G.

1604 1054 1607 1063 Α
1600 1002 1607 1017 »γ
1602 977 1607 993 ,2
1604 960 1607 970 -
1597 573 1607 951 ..m-*n-x-.-.Aux—...n-..n-
1596 481 1607 564 aqna.-.
1603 455 1607 474 A
1606 428 1607 436 1
