1607 2536
577 111 914 147 PRAEFATIO.
1261 127 1404 158 XXXIII

0 196 14 231 ὲ
90 210 229 252 16661
266 208 408 251 16726
444 208 587 249 17040
622 207 765 249 17055
801 206 962 263 17108)
994 208 1073 250 Itis
1101 209 1168 249 vel
1193 208 1292 250 Ytis
1325 211 1350 251 i.
1370 224 1402 251 e.

86 268 235 322 Dictys
267 268 524 310 nominatur.
589 265 670 307 Sed
708 266 950 314 maximum
981 267 1027 308 in
1061 281 1244 308 errorem
1279 268 1408 309 addu-

87 330 268 382 ceretur,
312 327 348 368 si
380 326 474 381 quis
507 325 607 366 inde
641 325 863 380 colligeret
899 326 1041 379 ipsum
1073 325 1276 368 Daretem
1317 341 1413 368 eum

86 387 335 441 inspexisse,
365 400 468 427 nam
499 384 651 426 iisdem
682 384 749 425 his
778 384 882 425 locis
904 385 1033 426 etiam
1053 384 1310 427 Benedictus
1331 385 1413 427 Da-

7 446 9 448 ’
85 446 187 487 retis
207 445 467 487 mentionem
487 443 600 497 facit,
633 457 728 485 cum
759 443 901 498 potius
921 444 1019 485 inde
1039 459 1206 499 quoque
1226 444 1405 487 iudicari

84 504 224 559 possit
264 506 423 559 quanta
462 502 544 544 fide
584 502 749 544 fontem
791 517 914 543 suum
956 506 1124 544 secutus
1162 503 1228 544 sit.
1292 503 1404 553 Quid

85 563 198 618 quod
238 564 367 604 etiam
407 562 644 616 complures
685 561 931 615 interpretis
965 576 1146 615 errores,
1179 563 1405 616 proverbia

86 621 294 676 quaedam
337 620 674 675 Franeogallioa,
718 621 822 675 quin
865 621 996 662 immo
1040 635 1164 662 voees
1214 620 1399 663 Franco-

83 681 261 735 gallicae
292 682 485 734 receptae
517 680 727 735 originem
758 680 818 720 ita
837 679 1039 734 indicant,
1071 682 1118 721 ut
1138 680 1262 733 plane
1283 680 1403 721 nulla

86 739 295 781 dubitatio
340 753 432 780 esse
475 739 622 792 possit.
700 737 814 779 Nam
847 753 942 780 oum
976 739 1088 792 apud
1120 738 1399 780 Benedictum

89 796 143 853 (v.
177 796 320 854 3029)
354 798 531 852 legisset

313 856 353 897 A
383 871 466 897 une
497 859 595 910 part
625 856 721 897 font
751 856 882 897 Ylion

301 914 366 956 De
397 914 522 957 Troie
554 915 593 956 le
624 917 779 956 mestre
811 915 966 967 daujon

89 972 172 1030 (vel
184 972 360 1030 doujon)
371 974 481 1015 male
501 974 727 1015 intellectis
743 974 809 1014 his
823 973 964 1014 verbis
979 974 1105 1014 vertit
1121 974 1180 1015 sio
1196 972 1410 1029 (v.1795):

301 1032 373 1074 Un
402 1033 494 1074 hiez
528 1033 609 1074 den
640 1035 755 1073 turm
786 1033 914 1086 ylion.

301 1091 398 1133 Den
428 1092 615 1133 worchte
647 1092 762 1132 einer
794 1092 866 1132 der
896 1091 964 1132 hiz
996 1090 1185 1132 Donion.

90 1150 241 1192 deinde
273 1165 369 1192 oum
400 1151 636 1192 invenisset
669 1151 780 1205 apud
811 1150 932 1191 illum
967 1148 1022 1205 (v.
1055 1148 1193 1205 5593)

300 1209 360 1250 Et
391 1209 441 1250 de
472 1209 609 1251 Boece
642 1210 692 1250 de
725 1209 849 1251 Z’enor

303 1268 436 1310 Entre
469 1268 682 1310 Arohelax
714 1272 755 1309 et
785 1267 1026 1310 Prothenor

89 1342 192 1369 voce
235 1327 360 1369 l’enor
402 1326 446 1383 (i.
487 1342 520 1370 e.
562 1326 805 1382 imperium)
847 1327 957 1368 male
998 1327 1215 1368 intellecta
1254 1329 1412 1367 terram

89 1386 228 1441 ipsam
247 1386 359 1427 unde
382 1386 551 1428 oriundi
571 1388 715 1428 essent
736 1386 969 1441 significari
989 1386 1168 1427 credidit
1188 1384 1243 1440 (v.
1268 1383 1413 1440 3313).

27 1467 31 1469 -
91 1445 241 1486 deinde
273 1446 404 1486 verba
435 1445 548 1486 illius
583 1443 637 1501 (v.
671 1444 806 1500 5949)

303 1503 372 1544 En
405 1505 447 1544 la
479 1507 607 1559 grant
639 1504 753 1545 selue
785 1505 1027 1544 renommee

309 1561 391 1611 Qui
421 1562 554 1604 Elida
585 1564 651 1604 est
683 1562 825 1617 apelee

92 1620 147 1676 (v.
181 1619 317 1676 3611)
349 1622 669 1675 interpretatur:

306 1680 425 1721 keret
456 1681 500 1721 in
533 1681 614 1722 den
646 1681 748 1721 walt
766 1681 882 1733 zydcz,

93 1741 315 1794 tamquam
348 1740 553 1793 seriptum
585 1740 738 1780 fuisset
769 1754 822 1780 au
854 1739 948 1779 lide.

211 1796 329 1838 Idem
359 1813 447 1840 non
480 1799 583 1839 satis
615 1798 830 1839 intellecta
862 1797 992 1838 verba
1025 1798 1058 1838 le
1077 1796 1212 1838 cleeval
1231 1796 1416 1838 denubit:

92 1856 220 1897 vertit
251 1854 306 1912 (v.
339 1855 472 1913 6302)

306 1915 395 1956 Daz
426 1930 496 1957 ros
529 1916 582 1957 da
614 1930 659 1956 er
690 1916 773 1956 uffe
807 1930 876 1956 saz

307 1973 396 2015 Daz
428 1975 525 2016 hete
558 1975 632 2015 der
663 1974 816 2015 200ka
850 1974 1032 2015 snelheit

94 2032 273 2087 denique
320 2033 402 2074 alio
451 2034 544 2075 loeo
582 2047 729 2075 vocem
766 2033 871 2086 asyle
920 2047 1027 2087 quae
1060 2032 1217 2086 scripta
1249 2034 1339 2072 erat
1376 2034 1418 2071 et

94 2092 213 2145 anyle
248 2091 514 2134 confundens
546 2092 658 2134 inter
690 2106 734 2134 se
767 2089 822 2147 (v.
858 2090 1020 2147 15779)
1053 2091 1217 2133 scribit:

307 2150 386 2192 Die
417 2151 513 2192 wile
546 2166 675 2206 quam
707 2151 776 2192 ein
807 2151 917 2205 θηρσί
949 2151 1024 2192 dar

307 2208 419 2251 Oder
444 2210 517 2252 der
548 2210 654 2252 tufel
687 2225 741 2251 an
774 2210 848 2251 der
879 2210 1031 2265 gebel-3

307 2268 384 2310 Als
418 2283 462 2310 er
494 2270 563 2311 ein
595 2269 720 2325 engel
751 2283 873 2310 were.

213 2325 445 2369 Proverbia
475 2327 798 2383 Francogalliea
830 2329 1059 2370 occurrunt
1089 2341 1126 2367 v.
1153 2325 1267 2367 5459
1303 2325 1417 2366 7574

167 2403 276 2429 DARE-,s
297 2403 470 2429 meews.
