1607 2536
333 117 396 152 DE
423 117 620 152 EXCIDIO
649 117 829 152 TROIAE
856 117 1094 152 HISTORIA.
1311 118 1363 158 31

63 214 257 256 Priamus
277 213 506 255 Hectorem
533 227 704 255 suorum
736 227 853 254 more
880 216 979 254 ante
1005 217 1150 268 portas
1177 214 1371 267 sepelivit

63 273 268 328 ludosque
306 272 504 313 funebres
541 271 652 313 fecit.
720 271 820 312 dum
857 271 1045 313 indutiae
1086 275 1200 325 sunt,
1247 272 1368 313 Pala-

63 331 204 373 medes
245 332 399 372 iterum
435 345 523 372 non
556 333 693 371 cessat
725 329 774 371 de
807 330 985 384 imperio
1017 331 1230 386 conqueri.
1291 331 1368 372 ita-

64 405 143 445 que
180 390 482 446 Agamemnon
519 389 717 431 seditioni
755 389 881 430 cessit
927 394 969 430 et
1007 390 1113 431 dixit
1151 405 1193 431 se
1233 389 1282 430 de
1321 404 1369 430 ea

63 464 105 490 re
149 449 331 490 libenter
372 449 575 502 laturum,
618 450 666 489 ut
705 461 830 502 quem
868 449 1025 489 vellent
1068 449 1368 502 imperatorem
1388 462 1406 486 5

62 508 348 562 praeficerent.
426 509 599 561 postera
648 506 714 547 die
763 507 969 560 populum
1021 507 1073 548 ad
1121 508 1367 549 concionem

62 570 202 620 vocat,
249 569 382 621 negat
425 580 468 607 se
512 580 714 620 umquam
766 566 965 619 cupidum
1016 566 1183 620 imperii
1226 566 1368 619 fuisse,

63 625 205 667 animo
250 639 386 680 aequo
431 639 474 666 se
519 624 725 678 accipere,
770 624 805 665 si
849 625 916 665 0111
960 625 1117 666 vellent
1161 625 1278 666 dare:
1325 639 1368 666 se

62 684 244 725 libenter
288 683 452 725 cedere:
507 683 610 724 satis
657 683 737 724 sibi
781 697 891 737 esse,
935 683 1034 724 dum
1079 684 1223 725 hostes
1268 684 1368 724 ulci-

63 745 234 784 scantur
254 745 296 783 et
314 742 434 796 parvi
464 742 602 783 facere
634 742 752 783 cuius
783 741 827 782 id
860 756 987 796 opera
1018 742 1104 783 fiat.
1149 756 1192 783 se
1223 745 1368 784 tamen
1390 754 1427 778 ιο

61 815 240 856 regnum
284 800 473 855 Mycenis
517 800 690 854 habere,
735 801 854 841 iubet
891 801 1046 855 dicere,
1091 801 1126 842 si
1164 801 1230 842 cui
1269 801 1370 855 quid

61 861 237 914 placeat.
299 859 548 901 Palamedes
579 859 737 913 prodit,
771 874 892 900 suum
925 860 1144 914 ingenium
1172 859 1368 901 ostendit.

61 919 205 974 itaque
243 918 394 973 Argivi
432 919 613 960 libenter
651 918 688 959 ei
725 918 950 972 imperium
994 918 1180 959 tradunt.
1247 917 1367 959 Pala-

61 977 203 1019 medes
247 977 421 1032 Argivis
467 977 556 1032 agit
600 977 778 1031 gratias,
828 977 1053 1030 imperium
1101 977 1255 1030 accipit
1298 977 1368 1018 ad-

62 1037 288 1077 ministrat.
331 1035 519 1077 Achilles
545 1036 759 1089 vituperat
784 1035 952 1089 imperii
978 1036 1367 1077 commutationem.
1390 1047 1423 1071 15

178 1093 334 1137 XXVI.
414 1094 583 1136 Interea
631 1094 820 1135 indutiae
869 1097 1034 1136 exeunt.
1120 1093 1368 1135 Palamedes

62 1157 259 1195 ornatum
296 1156 577 1208 paratumque
616 1153 846 1194 exercitum
887 1153 1027 1194 educit
1062 1153 1236 1194 instruit
1273 1153 1367 1194 1101-

60 1216 194 1254 tatur:
227 1215 377 1254 contra
395 1211 656 1266 Deiphobus.
692 1214 916 1277 pugnatur
946 1212 1098 1253 acriter
1117 1226 1141 1253 a
1161 1211 1368 1253 Tioianis.

63 1269 280 1325 Sarpedon
313 1270 465 1324 Lycius
503 1285 598 1312 cum
637 1270 723 1311 suis
760 1271 1069 1336 inpressionem
1108 1270 1152 1311 in
1184 1270 1368 1325 Argivos

61 1330 164 1371 facit
189 1329 327 1370 caedit
357 1329 600 1384 prosternit.
646 1329 794 1370 obvius
815 1329 853 1370 ei
879 1329 927 1370 fit
953 1329 1222 1384 Tlepolemus
1254 1328 1368 1370 Rho·
1389 1340 1423 1365 20

62 1389 173 1442 dius,
212 1387 285 1430 sed
323 1387 394 1429 diu
433 1388 584 1430 stando
622 1387 938 1443 pugnandoque
976 1388 1085 1429 male
1123 1388 1368 1429 vulneratus

158 1508 172 1539 1
204 1506 290 1539 ante
315 1505 462 1550 portam
490 1515 553 1539 suo
579 1513 681 1538 more
706 1503 901 1548 magnifice
931 1503 1107 1548 sepeliuit
1132 1503 1163 1538 G
1214 1507 1234 1537 2
1261 1503 1318 1537 cui
1344 1503 1368 1537 f.

61 1552 84 1586 l.
109 1551 204 1586 facit
229 1551 260 1586 G
291 1554 294 1595 Ι
323 1551 411 1586 fecit
436 1551 479 1585 H
530 1550 622 1586 facit
649 1550 724 1585 rell.
823 1554 842 1584 3
877 1561 980 1594 conq.
1009 1550 1053 1585 de
1084 1550 1172 1596 imp.
1204 1550 1237 1585 G
1286 1561 1367 1585 con-

62 1599 158 1643 quiri
183 1598 259 1633 LG
309 1597 483 1643 conqueri
510 1597 596 1631 FV
688 1602 710 1632 4
736 1597 916 1633 cedicioni
943 1598 975 1632 G
1005 1600 1009 1640 Ι
1038 1597 1083 1653 de
1114 1608 1195 1633 eam
1227 1608 1304 1632 rem
1335 1597 1370 1631 L

62 1661 82 1692 5
108 1656 196 1702 imp.
222 1656 372 1709 praef]
378 1657 580 1701 imperaret
604 1655 638 1690 L
741 1660 759 1690 7
787 1657 972 1700 negatque
999 1657 1032 1693 G
1129 1660 1149 1692 8
1174 1657 1257 1698 fort
1284 1657 1370 1690 scri·

62 1704 215 1739 bendum
247 1704 278 1739 si
316 1702 375 1739 cui
410 1703 475 1738 alii
507 1706 510 1746 Ι
543 1714 580 1738 se
611 1703 771 1738 libenter
802 1702 931 1738 cedere
968 1704 1022 1747 F,
1060 1715 1125 1739 om.
1162 1704 1196 1737 L
1235 1703 1369 1746 (habet:

62 1750 228 1787 sufficere
266 1751 338 1786 sibi
375 1750 576 1786 exercitum
616 1749 761 1794 Troiae)
799 1760 842 1785 ac
875 1761 912 1785 se
943 1750 1103 1786 libenter
1134 1750 1300 1795 accipere
1337 1749 1370 1784 G

62 1801 82 1832 9
120 1797 218 1832 Satis
256 1797 327 1832 sibi
370 1808 449 1833 esse
482 1797 568 1832 dum
603 1797 729 1832 hostes
760 1796 987 1832 ulciscantur
1018 1800 1056 1833 et
1091 1797 1218 1843 paruit
1248 1796 1369 1832 facere

62 1856 165 1891 cuius
185 1855 223 1890 id
245 1866 355 1901 opere
374 1855 441 1891 fiat
460 1855 493 1891 G
513 1866 578 1891 om.
593 1855 627 1890 L
714 1860 756 1891 10
783 1866 896 1900 opera
915 1855 955 1889 F
968 1855 1001 1889 V
1047 1866 1116 1901 ope
1138 1855 1340 1890 Meroen-ius
1362 1856 1365 1898 Ι

63 1903 126 1938 sed
157 1906 184 1937 t.
210 1902 244 1936 L
342 1907 382 1938 11
416 1903 498 1938 mic.
525 1913 626 1948 regn.
655 1902 687 1937 G
716 1902 720 1946 Ι
749 1902 837 1946 quid
864 1913 930 1937 om.
958 1902 990 1936 G
1089 1906 1131 1937 12
1157 1902 1282 1948 placet
1307 1902 1340 1937 G
1363 1902 1368 1947 Ι

63 1960 130 1985 sua
159 1949 312 1995 ingenia
342 1949 377 1984 L
405 1951 408 1994 Ι
438 1950 476 1985 et
506 1949 672 1984 ostendit
700 1949 775 1984 LG
807 1951 844 1984 et
875 1960 941 1984 om.
971 1950 1018 1984 M
1115 1953 1155 1985 13
1178 1949 1302 1984 achiui
1328 1951 1370 1984 ut

63 1996 184 2042 argiui
210 1995 243 2031 G
265 1995 451 2040 {libenter
476 2006 542 2031 om.
569 1995 601 2030 G
625 1997 629 2039 Ι
650 1995 746 2031 trad.
773 1996 807 2031 ei
832 1996 920 2041 imp.
946 1996 978 2031 G
1078 2001 1120 2032 14
1146 2008 1198 2042 gr.
1227 2007 1284 2042 ag.
1307 1995 1338 2031 G
1362 1997 1365 2040 1

62 2043 313 2079 amministrat
332 2042 365 2078 G
463 2047 505 2078 16
531 2043 678 2078 Interea
697 2053 763 2078 om.
783 2043 818 2077 L
916 2047 956 2078 17
984 2046 1155 2079 ornatum
1181 2045 1368 2088 paratum-

62 2089 748 2183 333]3353f0tn1l13d1⁰323p0132i5m

62 2222 108 2255 20
127 2219 264 2256 multos
284 2220 367 2256 add.
383 2220 416 2256 G
429 2223 513 2266 post
532 2220 735 2266 prosternit
758 2222 761 2263 Ι
784 2220 817 2255 01
838 2220 970 2256 obuius
990 2220 1062 2255 1'uit
1081 2220 1114 2255 G
1138 2223 1140 2262 ξ
1164 2188 1368 2274 Ιὲἓᾝεωυε

61 2277 95 2312 L
143 2288 190 2313 ne
215 2278 422 2323 optolemus
449 2278 482 2314 G
504 2280 509 2324 l
530 2278 655 2314 rodius
681 2278 755 2314 LG
805 2278 1040 2324 triptolemus
1066 2291 1093 2313 r.
1120 2279 1155 2313 A
1186 2269 1192 2275 ’
1253 2282 1293 2313 21
1325 2288 1367 2311 ac

61 2324 263 2370 pugnando
290 2324 333 2360 G.
