1607 2536
343 89 406 123 DE
433 88 629 124 EXCIDIO
657 88 836 124 TROIAE
862 89 1103 125 HISTORIA.
1328 92 1384 132 33

74 200 157 241 que
195 184 368 226 Troiani
410 184 463 225 ad
499 182 697 225 Hectoris
736 184 1006 238 sepulchrum
1049 186 1229 239 profecti
1273 190 1384 227 sunt.

74 244 230 299 quibus
263 243 412 285 obvius
444 242 498 284 fit
527 242 735 284 Achilles:
767 242 1028 297 Polyxenam
1061 245 1385 298 contemplatur,

76 303 171 358 figit
207 302 415 355 animum,
454 315 595 343 amare
631 301 903 342 vehementer
940 316 1033 343 eam
1072 303 1222 357 coepit.
1283 306 1384 344 tunc

76 362 226 402 ardore
264 361 493 415 conpulsus
526 360 718 401 odiosam
755 360 800 400 in
832 375 975 402 amore
1009 361 1141 402 vitam
1175 362 1387 403 consumit

77 423 120 461 et
158 433 282 475 aegre
318 419 482 460 ferebat
519 419 764 472 ademptum
801 419 1027 473 imperium
1068 420 1386 475 Agamemnoni
1405 432 1420 456 5

77 479 242 534 ‘sibique
297 477 568 519 Palamedem
622 478 924 531 praepositum.
1010 482 1187 534 cogente
1244 494 1387 521 amore

79 537 264 591 Phrygio
309 551 429 578 servo
472 536 718 578 fidelissimo
762 537 965 578 mandata
1009 537 1081 578 dat
1123 537 1297 579 ferenda
1335 538 1388 578 ad

79 595 298 638 Hecubam
337 598 379 636 et
416 595 469 636 ab
511 610 560 636 ea
602 595 684 636 sibi
727 610 902 637 uxorem
938 595 1200 650 Polyxenam
1232 597 1387 650 poscit:

80 655 116 696 si
147 654 326 707 dederit,
371 668 414 695 se
452 668 547 695 cum
581 654 667 695 suis
699 653 1038 708 Myrmidonibus
1078 654 1250 696 domum
1282 655 1389 696 redi-

79 716 242 766 turum,
275 713 388 767 quod
414 727 510 754 cum
536 713 626 767 ipse
652 712 815 767 fecerit,
848 716 1011 755 ceteros
1037 728 1164 767 porro
1192 714 1387 755 ductores
1409 727 1441 750 10

79 772 191 813 idem
222 771 423 813 facturos.
473 786 618 813 servus
649 772 931 825 proficiscitur
963 772 1015 813 ad
1043 771 1265 814 Hecubam
1292 787 1388 814 con-

78 831 197 872 venit
228 830 432 871 mandata
469 830 581 872 dicit.
642 829 820 872 Hecuba
857 831 1079 885 respondit
1115 832 1221 872 velle
1255 846 1316 884 se,
1355 832 1391 872 si

80 888 250 931 Priamo
294 890 461 943 placeat
509 889 600 930 viro
645 904 740 930 suo:
792 889 893 930 dum
942 890 1035 944 ipsa
1079 904 1175 931 cum
1219 889 1389 931 Priamo

81 951 200 1003 agat,
251 962 419 989 servum
468 948 623 989 reverti
671 948 799 989 iubet.
881 962 1026 990 servus
1080 948 1236 990 Achilli
1291 949 1391 1004 quid

81 1007 217 1062 egerit
245 1007 428 1048 nuntiat.
498 1007 800 1061 Agamemnon
847 1021 943 1048 cum
980 1021 1138 1062 magno
1187 1008 1392 1049 comitatu
1414 1019 1445 1043 15

81 1066 135 1107 ad
172 1068 312 1107 castra
347 1065 584 1106 revertitur.
645 1064 824 1107 Hecuba
861 1080 957 1107 cum
994 1064 1166 1108 Priamo
1206 1066 1255 1107 de
1295 1081 1392 1108 con-

81 1124 246 1166 dicione
271 1123 453 1165 Achillis
485 1124 769 1179 conloquitur.
818 1123 1014 1165 Priamus
1046 1125 1272 1180 respondet
1303 1125 1393 1165 fieri

81 1197 170 1224 non
200 1197 344 1237 posse,
375 1197 465 1224 non
495 1183 608 1235 ideo,
640 1183 754 1237 quod
785 1197 881 1224 eum
913 1183 1138 1238 indignum
1174 1183 1393 1225 adfinitate

82 1242 314 1295 existimet,
346 1241 420 1282 sed
451 1241 487 1282 si
513 1241 551 1282 ei
583 1241 745 1282 dederit
771 1245 814 1282 et
844 1242 935 1296 ipse
965 1242 1206 1284 discesserit
1232 1246 1393 1284 ceteros

82 1314 171 1341 non
212 1299 471 1342 discessuros
510 1303 552 1341 et
588 1300 781 1355 iniquum
820 1314 912 1342 esse
949 1301 1081 1342 filiam
1119 1316 1240 1342 suam
1280 1301 1395 1343 hosti
1415 1313 1448 1337 20

82 1359 353 1414 coniungere.
425 1361 684 1413 quapropter
725 1359 761 1400 si
801 1359 844 1400 id
884 1359 975 1400 fieri
1015 1360 1135 1413 velit,
1179 1375 1262 1414 pax
1302 1374 1394 1414 per-

83 1420 213 1471 petua
244 1417 336 1471 fiat,
368 1420 410 1458 et
442 1418 650 1459 exercitus
683 1418 889 1471 discedat,
931 1418 1078 1460 foedus
1111 1419 1200 1460 iure
1233 1419 1395 1460 sancia-

82 1479 170 1517 tur:
204 1476 239 1517 si
271 1476 313 1517 id
344 1475 505 1517 factum
533 1476 605 1529 sit,
639 1491 682 1517 se
714 1477 777 1517 illi
808 1477 940 1518 filiam
972 1477 1154 1518 libenter
1186 1477 1396 1519 daturum.

181 1621 198 1651 1
227 1616 274 1651 ad
300 1627 375 1660 sep.
403 1615 481 1650 eius
503 1614 536 1650 G
631 1620 651 1650 2
678 1615 754 1650 fuit
775 1616 880 1658 libri,
907 1615 948 1650 fit
976 1616 1178 1651 Mereerius
1276 1621 1295 1651 3
1324 1627 1394 1650 ani.

84 1674 168 1698 eam
193 1662 276 1698 ueh.
303 1662 338 1697 G
358 1665 363 1706 Ι
385 1663 465 1696 tum
493 1673 524 1697 a.
550 1662 720 1708 inpulsus
746 1662 780 1698 G
876 1667 898 1697 4
924 1663 1090 1698 odiosam
1115 1663 1190 1697 LG
1239 1663 1398 1698 otiosam

84 1710 121 1763 β
143 1710 289 1755 {uitam
320 1709 359 1744 in
391 1720 516 1744 amore
548 1709 581 1744 G
636 1720 850 1745 consumere
882 1710 1005 1755 coepit
1036 1710 1070 1745 G
1167 1715 1187 1745 5
1221 1721 1308 1756 egre
1335 1709 1367 1744 G

85 1767 374 1838 ffiffirizutgmong
396 1756 867 1846 leandztgoigigttti'giienI-dzi.
887 1768 1124 1839 Gmodieagdiit
1134 1757 1399 1839 {icengugdz

87 1854 108 1885 9
135 1851 167 1885 si
192 1849 351 1896 dederit]
372 1850 443 1885 hoc
469 1850 501 1885 ei
533 1850 599 1885 fiat
623 1850 734 1886 fidere
761 1851 794 1885 G
816 1853 821 1893 Ι
843 1851 1127 1886 mirmidonibus
1153 1851 1228 1885 LG
1251 1853 1254 1894 Ι
1277 1851 1398 1886 reddi-

86 1898 213 1932 turum
244 1897 278 1931 L
330 1896 549 1932 habiturum
581 1897 613 1932 G
735 1902 776 1932 10
812 1898 890 1942 ipse
928 1908 994 1933 om.
1027 1897 1061 1933 G
1089 1899 1092 1941 !
1121 1909 1230 1943 porro
1265 1908 1331 1932 om.
1368 1898 1402 1933 G

185 1952 220 1971 80

91 1985 132 2015 11
171 1979 317 2015 futuros
348 1979 382 2013 L
412 1981 416 2023 Ι
446 1978 550 2014 uenit
575 1978 608 2012 L
665 1990 748 2014 cum
787 1979 892 2014 uenit
922 1979 959 2014 B
1065 1984 1106 2015 12
1143 1980 1238 2015 dixit
1268 1980 1301 2014 L
1329 1981 1333 2025 Ι
1363 1992 1400 2016 se

90 2027 156 2062 sed
184 2026 215 2062 si
239 2026 274 2060 L
372 2030 414 2061 13
441 2026 521 2060 uiro
553 2038 581 2060 s.
613 2025 663 2071 pl.
691 2026 725 2062 G
824 2031 867 2061 14
893 2037 1021 2062 seruus
1037 2048 1079 2052 -
1095 2027 1259 2073 nuntiat]
1281 2027 1401 2062 Phiux

90 2074 124 2108 L
223 2077 265 2109 16
298 2073 342 2109 de
375 2073 481 2108 cond.
513 2073 592 2108 ach.
626 2084 655 2108 c.
688 2085 743 2119 pr.
776 2073 810 2109 G
909 2078 950 2109 17
981 2074 1172 2120 respondit
1197 2075 1231 2108 L
1280 2086 1342 2109 rex
1369 2075 1403 2109 (ι’-

89 2131 155 2156 nos
184 2121 386 2166 respondet
484 2124 527 2155 18
553 2119 636 2155 ideo
662 2131 728 2155 om.
754 2121 788 2155 L
815 2121 819 2166 Ι
849 2120 923 2155 ind.
956 2132 1040 2157 eum
1070 2121 1130 2156 aff.
1156 2121 1344 2156 existimet
1369 2122 1403 2156 G

89 2178 175 2203 eum
199 2168 275 2203 ind.
296 2169 321 2202 t.
349 2167 421 2203 adf.
448 2169 652 2202 extremum
679 2168 851 2203 aestimet
869 2167 902 2202 L
999 2172 1044 2204 20
1069 2168 1210 2213 hospiti
1228 2168 1261 2203 L
1358 2173 1401 2203 ‘21

91 2248 207 2284 uellet
239 2249 343 2293 libo-i,
379 2260 444 2285 nos
478 2249 570 2285 velit
672 2254 715 2285 ‘22
751 2219 853 2286 Hei-gt
886 2251 918 2285 L
980 2250 1045 2285 fiat
1083 2252 1119 2286 et
1149 2250 1180 2285 G
1209 2250 1215 2296 1
1244 2250 1402 2286 foederis

90 2295 173 2330 iura
198 2295 232 2331 G
254 2298 257 2339 Ι
281 2297 513 2332 sanctiantur
539 2297 582 2332 G.

163 2361 271 2386 Duras
291 2362 464 2388 Pmuroxus.
1169 2360 1190 2391 3
