1607 2536
533 93 869 130 PRAEFATIO.
1165 91 1167 93 ’
1252 108 1362 137 XXIX

11 160 119 251 2(cf.
160 194 295 235 Dares
335 207 375 246 p.
420 193 491 246 11,
545 191 602 232 24
646 189 799 232 Castor
846 192 888 231 et
930 188 1082 231 Pollux
1127 189 1179 230 ad
1224 188 1362 243 Clyte-

48 255 252 295 mestram
294 250 463 305 ierant),
512 250 567 305 (V.
603 249 768 303 29478)
811 248 1078 290 Laudomata
1120 248 1233 289 filius
1278 247 1362 288 He-

8 270 172 371 tctoris
211 313 253 352 et
284 309 626 363 Andromachae,
668 308 724 361 (v.
757 308 871 350 8063
905 306 1014 362 sqq.)
1075 307 1255 362 triginta
1285 307 1362 347 filii

17 370 204 412 ⁴Priami
247 384 268 410 e
313 368 561 410 concubinis
614 367 706 408 nati
749 366 941 408 Menelus
992 365 1132 407 Ydors
1184 364 1361 407 Chirrus

26 428 298 471 *Cheridoras
329 427 590 482 Ermagoras
621 426 834 467 Mondanz
866 429 932 467 etc.

163 487 310 528 Etiam
340 487 386 527 in
405 486 457 527 iis
491 499 597 540 quae
618 499 670 526 ex
688 484 839 538 Dictye
850 483 882 540 1)
904 484 1086 539 sumpsit
1107 483 1362 538 aliquotiens

49 546 223 597 erravit,
272 545 385 600 quod
421 545 551 586 verba
590 544 808 598 scriptoris
853 558 941 584 non
986 544 1089 585 satis
1143 542 1362 595 intellexit,

46 607 121 646 aut
162 600 313 659 parum
359 606 553 646 accurate
598 618 647 644 ea
690 603 811 657 legit:
863 602 974 656 apud
1017 603 1138 643 illum
1180 601 1362 656 legimus

47 662 104 720 (p.
143 664 217 717 92,
261 661 336 717 34)
389 662 564 704 Theano
612 676 719 716 quae
758 662 795 702 ei
831 662 991 715 templo
1034 660 1231 702 sacerdos
1272 662 1364 700 erat

45 723 269 776 persuasit,
312 737 349 763 v,
382 722 539 763 25509.
571 721 718 763 25344
749 721 921 761 Theanz
954 722 1019 762 est
1049 720 1129 761 vir:
1173 721 1266 760 tum
1285 733 1362 772 pro

46 781 210 822 Heleno
243 780 328 837 (Di.
360 795 399 835 p.
432 780 501 834 93,
533 779 607 835 22)
640 795 678 821 v,
711 780 854 821 25619
895 778 1036 821 Crises
1067 779 1092 819 i.
1126 792 1159 819 e.
1180 777 1362 831 Chryses

49 840 363 894 ponitur,'cum
394 840 584 881 nondum
618 839 771 890 adhuc,
807 841 855 879 ut
887 853 911 879 a
942 837 1109 891 Dictye,
1141 839 1362 878 narratum

10 950 12 953 Α
51 901 164 940 esset
193 898 405 939 Helenum
438 898 489 939 ad
523 897 705 939 Graecos
737 897 973 939 transiisse.
1035 896 1152 938 Inter
1185 910 1256 937 eos
1291 896 1363 950 qui

44 957 96 998 de
115 956 306 999 Palladio
327 960 494 998 certant
526 959 590 998 est
610 957 738 998 etiam
757 970 831 997 rex
851 956 1088 997 Thelamon
1108 953 1163 1010 (V.
1187 953 1363 1008 26531),

49 1016 160 1071 apud
180 1015 337 1070 Dictyn
370 1018 512 1057 autem
545 1013 601 1070 (p.
622 1016 690 1069 98,
727 1014 798 1071 19)
829 1015 940 1056 Aiax
960 1014 1222 1067 Telamonis,
1256 1027 1363 1067 quae

49 1089 86 1116 v.
119 1074 264 1116 27350
304 1089 418 1130 seqq.
459 1076 689 1116 narrantur
726 1075 991 1115 Antenorem
1022 1073 1196 1115 Troiam
1227 1086 1362 1113 rever-

44 1148 139 1175 sum
172 1133 289 1175 aditu
320 1134 582 1188 prohibitum
624 1147 716 1174 esse
749 1136 874 1188 atque
912 1133 1010 1174 inde
1041 1133 1086 1173 in
1117 1131 1287 1172 Italiam
1320 1145 1363 1172 se

46 1192 277 1235 contulisse
309 1195 351 1233 et
383 1191 611 1246 Corcyram
643 1192 898 1245 condidisse,
938 1207 962 1233 a
993 1191 1144 1244 Dictye
1176 1188 1234 1246 (p.
1270 1190 1363 1238 101,

49 1250 122 1306 16)
143 1251 192 1292 de
212 1251 360 1293 Aenea
377 1251 548 1305 tradita,
567 1252 676 1293 falso
699 1253 841 1293 autem
861 1250 1126 1292 aBenedicto
1146 1249 1363 1290 intellecta

47 1312 162 1351 sunt:
200 1325 326 1364 porro
369 1324 476 1365 quae
516 1311 717 1365 leguntur
753 1325 790 1351 v.
830 1310 975 1352 28082
1009 1324 1123 1364 seqq.
1161 1309 1285 1362 culpa
1316 1308 1363 1348 li—

41 1368 282 1410 brariorum
301 1368 449 1423 Dictys
469 1383 547 1411 nec
578 1384 677 1411 vero
697 1368 920 1411 Benedicti
939 1369 1121 1411 obscura
1141 1370 1182 1409 et
1200 1370 1363 1422 pertur-

45 1427 147 1468 bata
174 1430 290 1469 sunt:
323 1443 424 1469 nam
445 1428 643 1470 omnibus
679 1428 725 1469 in
744 1429 863 1470 libris
886 1428 1093 1482 scriptum
1114 1429 1180 1468 est
1198 1425 1255 1481 (Ρ.
1280 1426 1362 1467 103

46 1484 122 1541 24)
172 1485 384 1541 Aeneam,
434 1486 622 1529 Oeneum
673 1488 915 1529 coniectura
963 1486 1192 1528 Mercerius
1242 1485 1363 1526 resti-

44 1545 146 1599 tuit,
187 1545 367 1600 denique
406 1560 427 1586 e
467 1544 718 1600 „Strophio“
750 1545 808 1602 (p.
844 1546 944 1600 104,
981 1544 1053 1601 10)
1086 1545 1236 1586 urbem
1262 1544 1363 1585 fecit

42 1602 268 1657 „Trofion“
305 1603 360 1660 (v,
398 1603 562 1660 28197)
602 1607 645 1645 et
683 1619 778 1646 cum
823 1607 1098 1660 sequerentur
1129 1603 1259 1645 verba
1304 1603 1362 1656 „is

43 1676 229 1717 namque
260 1662 518 1705 Phocensis“
558 1662 759 1719 (forensis
798 1664 842 1705 in
880 1664 968 1706 cod.
1007 1662 1074 1718 Β.)
1112 1663 1362 1705 nominatus

45 1723 111 1762 est
138 1720 411 1776 „Florentes“
442 1723 513 1777 qui
546 1722 687 1765 Oresti
719 1723 875 1764 auxilio
908 1723 1026 1764 venit
1057 1722 1112 1776 (v.
1145 1721 1321 1773 28199).

161 1779 288 1822 Brevi
307 1783 498 1836 tempore
520 1782 832 1836 amplissimum
852 1782 933 1824 hoc
953 1781 1175 1823 Benedicti
1189 1794 1362 1822 carmen

42 1852 118 1893 per
157 1841 294 1881 totam
332 1839 674 1896 Francogalliam
711 1841 901 1882 innotuit
939 1843 981 1882 et
1018 1855 1040 1882 e
1071 1839 1363 1882 Normannica

43 1897 225 1939 dialectu
255 1899 300 1940 in
332 1900 569 1954 complures
602 1900 706 1941 alias
738 1900 996 1942 translatum
1029 1902 1104 1940 est.
1166 1898 1361 1940 Priamus

45 1954 206 1998 Hector
224 1956 412 2000 Achilles
433 1957 579 2000 Ulixes
613 1959 768 2013 aliique
801 1959 946 2013 quales
981 1959 1033 2000 ab
1054 1958 1127 2000 illo
1161 1958 1363 2011 descripti

49 2017 188 2070 erant,
237 2014 366 2058 Troia
396 2017 491 2071 ipsa
522 2017 606 2058 illis
639 2018 903 2072 temporibus
936 2018 1161 2059 notissima
1191 2017 1365 2058 fuerunt

50 2075 177 2128 atque
231 2088 356 2130 saepe
406 2079 805 2118 commemorantur.
885 2076 1018 2119 Paulo
1068 2078 1168 2131 post
1217 2075 1363 2116 multis

48 2132 186 2174 modis
201 2134 500 2176 transformari
519 2138 715 2190 coeptum
748 2138 812 2178 est
832 2151 880 2178 ac
901 2137 1038 2191 primo
1059 2135 1230 2191 quidem
1257 2149 1362 2176 saec.

46 2189 153 2233 XIII
179 2207 204 2233 a
229 2193 412 2248 quodam
433 2194 620 2237 Ioanne
638 2193 1041 2251 Illalkaraumffl),
1063 2195 1135 2250 qui
1151 2195 1362 2249 permulta

143 2318 167 2362 ¹)
192 2319 345 2366 Dunger
369 2322 393 2356 l.
420 2323 443 2356 l.
470 2335 506 2368 p.
527 2327 582 2358 37.
685 2323 712 2368 2>
738 2324 824 2370 Joly
850 2325 874 2360 l.
900 2326 923 2360 1.
945 2337 980 2370 p.
1009 2328 1076 2360 405
1102 2335 1180 2368 sqq.
