1607 2536
176 128 288 158 XVIII
661 113 994 149 PRAEFATIO.

176 210 401 251 mulierum
456 208 616 250 formae
667 223 715 250 ac
764 223 930 251 morum
983 211 1269 265 χαρακτῆρες,
1329 215 1480 269 quibus

176 269 329 310 similia
361 268 638 309 deliramenta
671 282 691 308 e
719 266 974 309 Graecorum
1012 270 1322 312 neotericorum
1353 275 1480 329 nugis

175 327 396 369 ediderunt
426 340 561 381 nuper
591 326 671 367 viri
702 326 850 368 doetif‘

293 385 409 435 Quae
451 399 546 426 cum
586 385 647 425 ita
690 385 792 438 sint,
840 400 928 427 non
971 386 1182 428 immerito
1221 388 1483 444 mirabimur,

174 444 286 499 quod
326 459 400 498 pei
442 444 659 498 compluia
704 445 871 485 saecula
914 459 1078 486 summa
1124 445 1204 486 fuit
1248 449 1479 491 auctoritas

172 503 356 545 Daretis.
416 501 510 544 Hoc
543 517 644 543 sane
675 503 766 543 fieri
797 517 884 544 non
909 504 1059 557 potuit,
1090 504 1175 545 nisi
1201 505 1260 545 eis
1279 508 1479 560 tempori-

171 563 264 616 bus,
284 562 436 617 quibus
458 560 517 602 Gr
521 575 642 602 aecae
662 562 826 602 litterae
840 562 964 615 plane
978 562 1150 616 ignotae
1165 565 1291 617 atque
1304 563 1479 607 Homeri

170 620 509 675 praeclarissima
534 621 722 661 carmina
741 634 913 674 prorsus
935 620 1145 662 oblivione
1170 622 1322 663 obruta
1342 627 1476 665 erant.

170 680 410 722 Accedebat
448 680 531 720 alia
569 694 697 720 causa
735 679 1003 734 gravissima:
1049 694 1150 720 nam
1195 695 1290 722 cum
1327 683 1477 737 reliqui

168 737 367 793 Europae
404 738 550 793 populi
589 740 682 779 tum
722 737 993 792 Francogalli
1034 753 1058 778 a
1099 738 1227 779 Troia
1268 740 1476 795 originem

170 812 290 838 suam
322 797 533 838 duxerunt
564 798 605 837 et
634 796 860 837 historiam
880 795 1032 837 Troiae
1063 797 1342 851 primordium
1376 814 1476 841 suae

168 856 371 897 historiae
404 868 494 897 esse
525 855 803 896 crediderunt.
841 854 988 909 Itaque
1014 855 1174 897 factum
1195 859 1269 910 est,
1301 860 1348 898 ut
1368 859 1476 899 anti·
1530 856 1535 859 ⁴

168 915 398 969 quissimus
418 913 567 968 liber1)
587 913 755 954 Daretis
787 913 832 954 in
860 913 961 955 bibl.
985 914 1099 967 publ.
1124 913 1256 956 Paris.
1288 930 1328 957 11.
1363 917 1476 959 7906

166 973 469 1015 inscriberetur
498 971 651 1026 „Geste
671 972 743 1013 des
764 971 966 1026 Troyens,
987 973 1159 1026 explicit
1179 972 1309 1015 Gesta
1329 973 1474 1016 Troia-

165 1034 351 1073 norum''
385 1034 426 1073 et
446 1031 594 1072 deinde
628 1033 871 1085 sequeretur
885 1030 1037 1085 „Geste
1069 1031 1142 1072 des
1162 1030 1378 1088 Francass,
1410 1035 1474 1075 in-

166 1091 267 1144 cipit
300 1089 432 1131 Gesta
461 1089 724 1131 Francorum
757 1104 781 1129 a
813 1087 887 1130 810·
915 1088 1167 1144 6116ἓο11οἾ
1225 1090 1285 1132 Et
1327 1091 1475 1135 Monte

164 1148 398 1190 Pessulano
456 1151 520 1189 est
576 1148 705 1189 codex
756 1163 797 1188 n.
851 1148 932 1190 158
982 1148 1212 1202 inscriptus
1258 1149 1474 1204 „Historia

163 1206 333 1249 Daretis
355 1208 405 1248 de
426 1207 599 1262 Origine
619 1206 652 1247 F
654 1208 912 1248 rancor-im
946 1207 1241 1261 compendium
1262 1210 1475 1264 quoddam

166 1266 404 1320 compendii
435 1266 810 1321 neglegentissime
842 1263 1058 1319 factum2)‚
1091 1266 1169 1307 sub
1202 1267 1322 1309 cuius
1343 1269 1472 1310 finem
1529 1302 1536 1306 .

164 1326 369 1379 scriptum
405 1327 485 1366 est:
517 1324 600 1379 „Et
628 1323 775 1365 exinde
809 1324 927 1401 origo
953 1323 1215 1366 Francorum
1240 1326 1332 1381 fuit,
1365 1330 1407 1368 et
1426 1342 1471 1369 ce

161 1383 227 1424 fut
258 1384 300 1424 la
330 1384 523 1438 lorigine
555 1384 626 1424 des
658 1382 908 1438 Francais'&

279 1442 448 1484 Primus
463 1443 533 1497 qui
548 1441 717 1484 Daretis
737 1415 918 1482 historia
929 1456 1032 1482 usus
1053 1445 1118 1483 est
1136 1442 1217 1484 fuit
1235 1434 1471 1486 Benedic-

162 1505 237 1542 tus
274 1502 572 1552 IlIauranus‚
615 1515 716 1542 nam
747 1514 884 1555 neque
915 1499 1156 1542 Bernardus
1187 1501 1471 1545 Floriacensis

161 1560 233 1625 qui
266 1574 371 1600 saec.
401 1559 463 1600 XI
501 1573 671 1601 carmen
708 1559 757 1600 de
790 1558 950 1600 excidio
983 1558 1133 1600 Troiae
1164 1561 1355 1602 versibus
1386 1562 1471 1603 leo-

158 1618 272 1659 ninis
319 1618 537 1672 scripsisse
580 1616 769 1684 fertur3)‚
812 1632 948 1672 neque
981 1617 1129 1659 Simon
1173 1633 1300 1673 capra
1341 1634 1468 1662 aurea

160 1677 247 1717 sive
262 1675 423 1719 Ohevre
438 1677 537 1731 (101,
548 1677 666 1718 6111113
680 1676 857 1718 Iliadem
872 1691 1000 1731 supra
1013 1692 1052 1730 p.
1072 1676 1111 1717 X
1128 1679 1470 1734 commemoravi,

159 1749 255 1776 eum
288 1736 539 1791 cognovisse
570 1735 746 1777 videtur.
778 1735 839 1777 At
869 1734 919 1776 de
949 1735 1030 1776 hoc
1062 1736 1323 1790 paulopost,
1354 1752 1468 1779 nunc

160 1794 477 1836 consideremus
528 1809 599 1836 eos
652 1795 724 1849 qui
766 1795 915 1849 lingua
956 1793 1110 1835 Latina
1152 1795 1382 1836 utebantur
1426 1798 1469 1837 et

158 1867 339 1907 quorum
371 1853 496 1895 docta
527 1853 717 1894 carmina
747 1854 922 1907 propius
955 1853 1007 1894 ad
1033 1854 1330 1908 antiquitatem
1350 1869 1467 1896 acce-

156 1911 267 1953 dunt
299 1910 327 1952 J
331 1912 536 1966 osephum
567 1911 767 1953 Iscanum
799 1914 839 1953 et
870 1911 1095 1953 Albertum
1128 1911 1389 1954 Stadensem.

274 1970 508 2024 Iosephus
545 1970 795 2013 Devonius
833 1971 919 2012 sive
957 1970 1167 2013 Iscanus
1203 1971 1269 2011 vel
1305 1971 1466 2013 Exca-

155 2030 406 2080 striensis,
438 2032 566 2070 natus
597 2029 643 2070 in
662 2028 855 2071 Devonia
880 2043 986 2084 quae
1013 2030 1181 2071 citerior
1200 2029 1466 2072 Dumnonio—

154 2102 249 2129 rum
292 2088 410 2143 regio
460 2090 541 2141 est,
595 2087 797 2129 educatus
846 2087 965 2129 Iscae
1016 2087 1373 2142 Damnoniorum‚
1423 2091 1467 2130 et

156 2145 413 2188 Graecarum
441 2149 483 2188 et
495 2146 786 2188 Romanarum
799 2147 1038 2188 litterarum
1056 2146 1283 2188 admodum
1304 2161 1463 2201 gnarus

251 2285 276 2329 ¹)
303 2285 387 2330 Joly
406 2285 429 2319 l.
449 2285 473 2320 l.
495 2286 529 2320 Π
550 2289 628 2321 155.
669 2285 695 2330 2)
721 2285 806 2330 Joly
826 2286 848 2321 l.
869 2285 894 2321 l.
913 2286 947 2320 II
970 2290 1045 2321 172.
1087 2285 1114 2330 ³)
1135 2284 1306 2321 Carmina
1320 2286 1464 2321 burana

152 2342 188 2376 p.
215 2336 260 2367 60
286 2344 365 2376 sqq.
393 2332 445 2376 (in
470 2332 647 2368 Biblioth.
675 2344 746 2368 soc.
772 2333 828 2368 lit.
857 2332 1150 2378 Stutgardiensis
1178 2334 1293 2377 1847).
