1607 2536
165 161 221 204 66

163 257 385 302 Polypoetes
414 269 457 292 ex
482 258 617 303 Argisa
643 258 798 294 Graeco-

211 317 292 338 rum
313 305 386 339 dux
410 309 468 348 18,
492 309 534 340 16
574 305 620 340 ab
641 305 797 340 Hectore

211 351 392 386 occiditur
417 355 477 395 30,
497 356 516 386 5

162 397 352 443 Polyxena
376 398 514 432 Priami
537 398 615 433 filia
636 403 672 442 6,
693 403 715 433 4
741 399 800 433 de-

211 445 384 479 scribitur
419 450 477 489 16,
507 450 523 479 1
572 445 618 480 ab
656 445 800 480 Achille

211 494 358 526 amatur
373 496 428 536 33,
447 496 466 527 3
493 492 640 538 fugiens
654 493 800 527 Aeneae

210 550 247 573 se
267 538 412 583 tradit,
452 539 517 583 qui
543 549 624 574 eam
651 539 698 573 ad
726 539 798 574 An—

211 585 350 620 chisem
367 587 513 630 patrem
528 586 723 621 abscondit
743 590 798 629 49,

211 637 255 667 20
293 633 340 667 ad
359 634 676 678 Agamemnonem
700 633 799 667 duci-

209 681 268 714 tur
307 684 367 724 51,
403 684 446 715 13
495 691 517 714 a
554 680 798 725 Neoptolemo

211 727 258 761 ad
278 727 463 761 tumulum
477 727 594 772 patris
609 727 798 772 iugulatur

211 778 271 817 51,
296 778 337 808 15

161 820 370 865 Polyxenus
393 820 615 855 Graecorum
642 821 715 855 dux
743 824 798 864 17,

212 872 254 902 19
304 868 351 902 ab
387 868 544 902 Hectore
570 867 798 914 {interfectus

211 919 272 958 26,
296 920 336 950 19

160 961 329 996 Priamus
355 962 618 997 Laomedontis
648 961 744 996 filius
767 965 798 1005 5,

212 1013 253 1043 19
305 1009 441 1044 multos
479 1009 574 1044 filios
610 1008 798 1054 legitimos

210 1058 247 1090 et
273 1067 292 1090 e
316 1055 529 1091 concubinis
550 1057 657 1090 natos
684 1056 802 1090 habet

211 1107 247 1146 6,
276 1107 295 1137 5
345 1103 474 1138 urbem
510 1103 659 1137 Troiam
698 1102 798 1137 dele-

210 1152 289 1184 tam
331 1150 498 1184 restituit
536 1154 573 1192 6,
599 1154 617 1184 7
655 1150 798 1194 regiam

209 1197 397 1240 aedificat,
427 1196 506 1231 Iovi
531 1207 634 1231 aram
663 1198 701 1230 et
727 1198 798 1231 sta-

208 1245 313 1278 tuam
356 1245 546 1279 consecrat
585 1248 623 1287 6,
661 1247 702 1277 11
760 1244 798 1277 in

210 1291 383 1326 concione
441 1290 580 1335 populo
639 1290 797 1332 nuntiat,

209 1338 298 1381 quid
343 1337 415 1372 sibi
458 1337 636 1382 obtigerit
685 1341 743 1381 10,
777 1341 797 1371 2

207 1384 388 1419 Helenam
408 1385 555 1429 raptam
574 1384 797 1427 consolatur,

208 1431 419 1466 Alexandro
440 1431 635 1476 coniugem
657 1431 722 1466 dat
743 1435 797 1474 13,

212 1482 253 1512 12
311 1478 532 1513 describitur
577 1482 636 1522 14,
678 1482 720 1512 15
777 1489 799 1512 a

209 1525 457 1570 Neoptolemo
489 1526 643 1559 necatur
670 1529 732 1566 49,
755 1529 797 1560 18

161 1572 388 1607 Protesilaus
420 1583 464 1606 ex
496 1572 660 1616 Phylaca
696 1576 756 1615 18,
777 1576 797 1606 9

210 1619 430 1654 describitur
470 1623 528 1661 16,
562 1623 605 1653 23
659 1618 798 1663 primus

208 1666 297 1700 litus
313 1667 480 1711 occupat,
501 1666 547 1700 ab
560 1665 718 1700 Hectore
740 1676 798 1700 oc—

210 1713 346 1747 ciditur
365 1717 423 1756 24,
442 1717 462 1747 9
496 1712 674 1757 sepelitur
695 1716 736 1746 25
749 1741 756 1755 ,
778 1716 797 1746 9

163 1759 392 1794 Prothoenor
412 1771 455 1797 ex
476 1759 630 1794 Boeotia
644 1758 799 1793 Graeco-

210 1818 291 1841 rum
311 1807 384 1840 dux
412 1811 471 1849 17,
496 1810 538 1840 14
575 1806 621 1840 ab
641 1805 799 1846 Hectore

210 1853 428 1888 interfectus
453 1857 516 1896 26,
539 1857 556 1887 1

162 1900 347 1934 Prothous
373 1911 418 1935 ex
443 1900 637 1945 Magnesia
663 1904 725 1943 19,
746 1904 767 1933 4

162 1946 403 1991 Pylaemenes
469 1958 487 1981 e
541 1946 801 1992 Paphlagonia

211 1993 453 2028 Troianorum
480 1993 553 2027 dux
580 1997 641 2036 23,
663 1997 682 2027 2

162 2039 321 2085 Pylaeus
358 2040 404 2074 ab
437 2040 582 2074 Achille
621 2039 800 2074 occiditur

212 2091 274 2131 26,
296 2091 338 2121 21

162 2134 277 2179 Pylus
309 2133 433 2179 patria
463 2133 631 2168 Nestoris
661 2137 698 2176 3,
720 2137 739 2167 5
767 2137 798 2176 4,

212 2184 255 2215 23
285 2185 321 2223 7,
345 2184 386 2215 19
416 2184 474 2224 18,
499 2185 516 2215 1

163 2227 410 2272 Pyraechmes
436 2239 455 2262 e
480 2227 643 2262 Paeonia
675 2226 799 2261 Troia-

212 2285 343 2309 norum
368 2274 442 2309 dux
469 2278 530 2318 22,
554 2278 595 2308 19

92 2345 95 2347 -
163 2318 308 2356 Rhesus
334 2332 353 2356 e
375 2321 534 2356 Thracia
557 2321 800 2356 Troianorum

213 2368 287 2402 dux
312 2372 372 2412 23,
394 2373 415 2402 4

465 164 621 199 INDEX
646 163 882 200 NOMINUM
907 165 969 200 ET
996 164 1175 201 RERUM.

835 259 987 294 Rhodus
1016 264 1074 303 18,
1098 264 1138 294 13

837 306 1026 341 Salamina
1051 311 1089 350 4,
1112 311 1153 341 17
1183 310 1241 349 17,
1265 311 1305 343 18

839 353 1027 398 Sarpedon
1050 365 1069 388 e
1093 353 1208 398 Lycia
1229 354 1472 390 Troianorum

885 399 959 434 dux
991 404 1052 444 22,
1082 404 1123 434 17
1168 400 1471 445 vulneratur-32,

886 450 905 480 3
956 447 1112 482 Pherem
1149 449 1258 482 necat
1292 452 1353 492 32,
1382 452 1400 482 1
1450 459 1473 483 a

886 493 1086 529 Palamede
1104 494 1324 530 interficitur
1349 499 1405 539 34,
1428 499 1472 530 17

838 539 953 575 Scaea
984 543 1093 586 porta
1124 541 1255 576 Troiae
1285 546 1323 587 6,
1345 546 1389 576 14
1414 546 1471 586 49,

838 633 1015 669 Schedius
1047 646 1090 670 ex
1122 635 1285 670 Phocide
1315 635 1470 671 Graeco-

882 693 965 715 rum
985 681 1058 715 dux
1083 686 1142 724 17,
1165 686 1207 716 17
1247 683 1294 717 ab
1313 682 1472 718 Hectore
1531 705 1535 707 -

882 728 1103 763 interficitur
1132 732 1193 772 26,
1217 733 1258 764 19

836 774 989 819 Scyrum
1015 779 1076 819 42,
1099 780 1139 810 11

837 821 988 867 Sigeum
1035 822 1346 867 promontorium,
1397 833 1469 867 quo

883 871 1134 904 convenerunt
1195 869 1371 905 Hercules
1433 871 1470 904 et

883 915 1019 960 reliqui
1053 920 1090 959 5,
1113 920 1156 951 10

838 962 971 997 Simois
1002 965 1131 1007 portus
1156 962 1342 1008 Phrygiae
1368 967 1406 1007 3,
1429 966 1471 997 19

883 1009 936 1044 ibi
962 1010 1164 1054 appellitur
1193 1010 1293 1055 Argo
1319 1014 1357 1054 3,
1379 1014 1423 1044 21

838 1055 953 1090 Sinon
979 1060 1041 1100 48,
1063 1061 1082 1090 7

836 1102 971 1147 Sparta
996 1107 1098 1147 4,11
1128 1107 1251 1147 11,12
1281 1107 1340 1147 13,
1363 1107 1405 1137 17

836 1149 1033 1184 Sthenelus
1054 1161 1098 1184 ex
1117 1150 1227 1195 Argis
1248 1149 1472 1185 Graecorum

883 1197 957 1230 dux
985 1201 1044 1239 19,
1068 1201 1085 1231 1
1132 1197 1178 1231 ab
1205 1196 1362 1231 Hectore
1390 1197 1470 1232 vul-

883 1245 1035 1278 neratur
1060 1247 1122 1286 29,
1144 1247 1187 1278 22

837 1290 1014 1325 Telamon
1040 1301 1124 1324 cum
1142 1290 1301 1325 Hercule
1322 1286 1471 1325 Tr'oiam

883 1338 1073 1382 expugnat
1093 1341 1130 1381 5,
1153 1341 1172 1372 6
1202 1337 1341 1381 primus
1362 1337 1471 1371 Ilium

882 1384 1000 1418 intrat
1019 1388 1055 1427 5,
1079 1388 1120 1418 15
1155 1384 1356 1419 Hesionam
1375 1383 1474 1418 dono

883 1430 1020 1475 accipit
1040 1435 1077 1475 5,
1100 1435 1142 1465 16
1174 1442 1238 1465 rex
1262 1430 1472 1465 Salaminae

885 1481 924 1521 7,
947 1481 965 1512 7

837 1524 1022 1568 Telephus
1050 1524 1148 1558 filius
1173 1523 1340 1558 Herculis
1367 1527 1430 1567 21,
1451 1528 1471 1558 6

883 1582 966 1605 cum
977 1571 1121 1606 Achille
1132 1570 1294 1606 mittitur
1308 1570 1355 1604 ad
1368 1580 1475 1615 prae-

883 1618 1044 1652 dandam
1061 1617 1221 1661 Mysiam
1238 1621 1294 1660 20,
1305 1621 1349 1651 27
1380 1617 1472 1651 Teu-

882 1665 1071 1699 thrantem
1083 1664 1203 1709 clipeo
1216 1663 1379 1708 protexit
1392 1667 1473 1706 21,4

837 1711 1006 1746 Tenedus
1038 1713 1167 1756 portus
1201 1715 1260 1754 13,
1288 1714 1307 1744 3
1341 1714 1402 1753 21,
1426 1714 1472 1745 20

883 1758 1026 1792 incolae
1047 1769 1068 1792 a
1086 1757 1234 1792 Graecis
1255 1756 1473 1792 occiduntur

884 1809 945 1848 20,
967 1809 1009 1839 21

837 1852 977 1886 Teucer
995 1851 1109 1886 frater
1127 1850 1251 1886 Aiacis
1266 1849 1472 1884 Telamonii

838 1945 1019 1980 Teuthras
1061 1956 1125 1980 rex
1168 1944 1309 1989 Mysiae
1356 1946 1418 1986 21,
1453 1946 1470 1976 1

885 1992 930 2026 ab
969 1992 1113 2026 Achille
1151 1992 1366 2026 vulneratus
1405 1989 1472 2023 Te-

883 2039 994 2083 lepho
1043 2050 1199 2084 regnum
1247 2037 1364 2072 tradit
1415 2039 1471 2079 21,

838 2131 1017 2177 Thalpius
1051 2131 1273 2167 Graecorum
1308 2129 1382 2164 dux
1418 2132 1471 2173 17,

838 2225 1020 2260 Thesidae
1048 2229 1108 2268 24,
1129 2228 1151 2259 4
1177 2228 1238 2267 32,
1261 2227 1302 2258 11

839 2273 996 2307 Thestor
1015 2274 1122 2317 pater
1140 2270 1355 2306 Calchantis
1375 2273 1431 2312 20,
1453 2273 1471 2303 1

839 2319 961 2354 Thoas
993 2330 1036 2354 ex
1067 2318 1216 2354 Aetolia
1249 2316 1474 2352 Graecorum

886 2367 959 2401 dux
987 2370 1048 2411 18,
1070 2369 1089 2400 2
