1607 2536
352 73 414 107 DE
442 72 638 107 EXCIDIO
666 72 847 106 TROIAE
875 72 1113 107 HISTORIA.
1361 73 1385 112 9

194 167 290 208 VII.
340 167 580 208 Alexander
605 167 819 208 cohortari
839 167 995 221 coepit,
1025 170 1072 208 ut
1092 168 1238 209 classis
1269 182 1386 221 prae-

73 228 296 280 pararetur
327 228 368 266 et
393 225 438 266 in
458 224 680 267 Graeciam
706 225 963 267 mitteretur:
997 239 1040 266 se
1065 226 1151 267 eius
1181 226 1242 266 rei
1273 226 1386 280 prin-

73 285 212 339 cipem
236 285 446 337 futurum,
478 283 514 325 si
544 286 666 338 pater
693 283 813 329 velit:
846 284 890 325 in
921 283 1095 325 deorum
1122 284 1386 339 benignitate

75 356 120 384 se
152 342 378 395 confidere,
410 342 532 384 victis
563 342 759 384 hostibus
790 342 914 384 laude
948 342 1100 396 adepta
1131 342 1180 384 de
1211 341 1387 384 Graecia

75 401 248 443 domum
279 400 513 443 rediturum
545 415 647 442 esse.
703 416 804 442 nam
837 401 919 442 sibi
950 401 995 442 in
1024 401 1102 442 Ida
1135 401 1256 453 silva,
1289 415 1384 442 cum
1406 413 1421 436 5

74 462 276 501 venatum
297 459 472 513 abisset,
492 459 537 500 in
557 459 717 501 somnis
739 459 997 501 Mercurium
1017 459 1240 501 adduxisse
1261 459 1386 501 Iuno-

74 532 174 559 nem
211 517 420 559 Venerem
459 520 502 559 et
537 517 791 572 Minervam,
830 521 877 559 ut
914 519 1025 559 inter
1057 532 1127 559 eas
1161 518 1210 560 de
1250 519 1387 572 specie

74 576 297 618 iudicaret:
340 579 382 617 et
419 579 521 618 tunc
566 577 647 618 sibi
684 576 897 618 Venerem
934 577 1169 630 pollicitam
1201 591 1310 629 esse,
1353 578 1387 617 si

73 649 196 676 suam
223 635 458 689 speciosam
488 635 641 676 faciem
672 635 894 688 iudicaret,
928 636 1122 677 daturam
1146 650 1189 676 se
1217 636 1254 676 ei
1287 650 1386 676 uxo-

72 707 180 747 rem,
213 708 320 748 quae
352 693 397 734 in
428 693 606 736 Graecia
638 694 951 748 speciosissima
987 694 1125 735 forma
1156 694 1386 735 videretur:

74 752 148 793 ubi
185 752 245 793 ita
284 751 488 806 audisset,
529 752 736 807 optimam
774 753 880 794 facie
918 752 1130 794 Venerem
1168 753 1387 794 iudicasse.

74 810 186 851 unde
242 824 410 864 sperare
460 812 587 864 coepit
632 811 828 852 Priamus
872 810 1085 854 Venerem
1138 811 1387 852 adiutricem

74 868 318 911 Alexandro
361 869 561 911 futuram.
634 869 884 924 Deiphobus
934 871 1099 924 placere
1150 870 1233 911 sibi
1283 870 1388 910 dixit

73 927 308 969 Alexandri
354 929 578 970 consilium
622 931 663 970 et
711 942 880 982 sperare
925 928 1108 970 Graecos
1153 927 1388 970 Hesionam

72 986 311 1028 reddituros
351 990 392 1028 et
431 987 742 1040 satisfacturos,
786 987 839 1040 si,
883 990 930 1028 ut
967 987 1221 1041 dispositum
1264 991 1387 1039 esset,
1425 998 1440 1023 5

71 1045 221 1086 classis
265 1045 310 1086 in
348 1044 571 1087 Graeciam
612 1046 862 1087 mitteretur.
933 1044 1123 1087 Helenus
1164 1046 1389 1087 vaticinari

73 1104 214 1158 coepit
244 1102 395 1146 Graios
428 1107 647 1157 ventstros,
686 1103 813 1145 Ilium
845 1118 1083 1158 eversuros,
1114 1107 1313 1159 parentes
1347 1107 1389 1145 et

73 1162 226 1203 fratres
270 1162 416 1205 hostili
454 1177 585 1204 manu
628 1163 894 1216 interituros,
941 1163 978 1204 si
1021 1163 1263 1204 Alexander
1307 1163 1388 1204 sibi

70 1235 248 1262 uxorem
272 1220 322 1262 (le
343 1221 520 1263 Graecia
547 1221 802 1263 adduxisset.
848 1221 1016 1263 Troilus
1049 1222 1250 1263 minimus
1282 1224 1387 1263 natu

72 1294 162 1321 11011
193 1280 334 1321 minus
365 1279 488 1322 fortis
522 1294 649 1335 quam
675 1279 835 1326 Hector
867 1280 1025 1321 bellum
1057 1281 1147 1336 geri
1180 1280 1387 1322 suadebat

72 1341 117 1378 et
136 1352 224 1379 11011
244 1338 394 1380 debere
420 1339 569 1380 terreri
595 1342 710 1380 metu
745 1339 970 1380 verborum
995 1338 1160 1380 Heleni.
1204 1340 1250 1381 ob
1277 1339 1389 1393 quod

74 1396 272 1438 omnibus
316 1397 477 1451 placuit
516 1398 694 1439 classem
735 1412 963 1452 conparare
1003 1401 1045 1439 et
1082 1398 1127 1439 111
1167 1396 1388 1439 Graeciam

74 1455 296 1509 proficisci.

192 1513 310 1556 VIII.
373 1514 568 1556 Priamus
611 1515 902 1556 Alexandrum
946 1518 989 1556 et
1031 1514 1303 1569 Deiphobum
1343 1516 1388 1557 111

1410 707 1440 730 10

1408 1291 1440 1315 *20

73 1571 304 1614 Paeoniam
337 1573 470 1625 misit,
510 1577 557 1615 ut
587 1573 744 1615 milites
776 1574 976 1628 legerent.
1045 1573 1096 1614 ad
1139 1574 1385 1615 concionem
1408 1584 1440 1609 2⁵

170 1716 186 1746 1
215 1712 294 1747 coh.
334 1712 472 1758 coepit]
512 1712 779 1748 cohortabatur
818 1713 867 1746 M
895 1713 992 1748 solus
1090 1716 1108 1746 2
1143 1712 1221 1747 eius
1256 1713 1388 1748 addida·

72 1761 94 1793 3
121 1757 302 1804 futurum]
335 1759 413 1794 fore
446 1760 480 1794 G
502 1760 506 1802 Ι
529 1760 646 1794 uellet
677 1760 711 1795 G
733 1761 737 1802 Ι
760 1759 798 1794 111
831 1759 998 1804 deorum]
1033 1759 1078 1794 de
1112 1759 1190 1794 eius
1225 1760 1273 1794 M
1367 1764 1388 1794 4

74 1805 208 1840 debere
233 1806 316 1841 add.
346 1806 395 1840 M
417 1810 502 1851 post
526 1807 709 1842 confidere
733 1811 735 1850 Ι
759 1806 869 1841 laude
896 1810 927 1841 et
952 1806 997 1841 de
1024 1816 1088 1841 om.
1114 1806 1161 1840 M
1257 1811 1276 1841 5
1305 1818 1388 1841 eum

71 1851 112 1886 in
139 1862 220 1888 uen.
253 1852 287 1887 G
383 1857 403 1888 6
440 1853 591 1888 somniis
620 1854 669 1888 M
763 1857 783 1889 8
816 1853 1018 1888 iudicasset
1050 1853 1099 1886 M
1194 1857 1214 1888 9
1247 1854 1387 1898 specio-

73 1899 208 1933 siorem
241 1899 273 1934 G
304 1899 388 1942 fort.
438 1900 748 1945 speciosissimam
855 1905 896 1935 10
929 1899 1128 1945 speciosior
1163 1899 1251 1935 MG
1307 1912 1388 1945 spe-

70 1945 281 1981 ciosissima
312 1947 394 1981 edit.
429 1947 547 1982 Venet.
578 1951 666 1982 1199
693 1947 777 1989 fort.
830 1957 903 1992 qua
929 1957 1003 1982 non
1034 1946 1073 1981 in
1100 1946 1159 1982 Gr.
1188 1947 1391 1992 speciosior

74 1996 116 2026 11
139 1993 282 2037 optima
302 1993 335 2028 G
434 1998 474 2028 12
497 1993 648 2029 deberet
669 1994 718 2028 M
765 1993 898 2029 debere
919 1993 952 2029 G
1002 1995 1126 2038 coepit
1145 2005 1162 2029 e
1181 1995 1389 2030 coniectum

71 2039 204 2084 scr-ipsi
225 2041 229 2084 Ι
252 2040 438 2085 priamum
464 2040 497 2076 G
597 2044 638 2075 14
665 2051 764 2076 cons.
791 2040 895 2076 Alex.
921 2040 954 2076 G
977 2044 979 2083 Ι
1005 2041 1180 2086 sperabat
1207 2042 1256 2078 M
1275 2045 1279 2085 Ι
1302 2041 1387 2077 Hes.

74 2084 134 2120 Gr.
156 2085 190 2121 G
288 2092 330 2122 15
357 2087 388 2122 si
413 2098 479 2123 om.
501 2087 534 2123 G
557 2089 561 2130 Ι
583 2088 694 2134 esset]
716 2090 797 2123 erat
817 2087 851 2123 G
949 2092 991 2123 18
1016 2088 1247 2134 interituros]
1275 2089 1388 2124 inter-

71 2131 235 2168 fecturos
273 2134 308 2168 B
419 2139 461 2170 19
498 2137 606 2170 natus
645 2135 693 2169 Μ
797 2139 842 2169 20
878 2135 1052 2170 minimus
1088 2134 1194 2170 fortis
1231 2146 1389 2180 namque

73 2178 217 2215 hectori
253 2181 303 2215 M
395 2185 439 2216 21
476 2183 514 2216 et
548 2192 613 2216 om.
650 2181 683 2216 G
706 2184 709 2224 Ι
733 2182 779 2217 ob
815 2182 947 2218 addida·
981 2193 997 2217 e
1032 2183 1238 2218 coniectura
1345 2187 1388 2217 22

75 2225 207 2262 clalses
242 2227 276 2262 G
307 2230 310 2271 Ι
343 2228 539 2273 conparari
572 2228 621 2263 M
627 2228 660 2263 G
718 2239 961 2274 conpararem
995 2229 1050 2270 B,
1083 2240 1149 2264 ‘nes
1187 2239 1389 2274 conparare

76 2275 120 2306 ‘23
141 2273 339 2319 proficisci]
361 2274 462 2310 mitti
482 2274 515 2307 G
613 2279 656 2310 25
677 2276 813 2320 poenia
834 2276 883 2310 Μ
930 2276 1102 2319 peouiam
1124 2275 1155 2310 G
1180 2280 1182 2318 ,’
1207 2276 1322 2310 mittit
1345 2276 1388 2310 (ἶ.
