1607 2536
155 161 282 190 XXXII
643 145 974 181 PRAEFATIO.

156 241 326 283 Troilus
368 241 451 282 and
492 239 746 294 Ci·esseide“‚
787 242 858 296 qui
901 241 1008 282 liber
1051 255 1126 294 per
1168 242 1467 297 longissimum

156 300 359 354 temporis
380 300 564 353 spatium
585 299 696 353 apud
715 299 946 341 Britannos
966 300 1011 340 in
1032 314 1198 341 summa
1218 301 1468 342 auctoritate

159 361 260 400 erat.
321 357 433 399 Hinc
464 358 689 399 notissima
719 358 865 399 fabula
886 357 1247 412 Shakespearii
1276 359 1468 412 „Troilus

159 417 243 458 and
276 415 496 458 Cressida⁴⁴
517 431 551 457 a.
576 417 687 458 1600
721 417 931 471 originem
963 417 1083 458 duxit
1115 420 1157 457 et
1188 417 1335 458 eodem
1365 420 1469 458 tem-

158 490 260 530 pore
300 490 334 516 a.
376 475 486 517 1599
520 474 704 516 Becker
736 478 777 516 et
809 475 991 517 Clccttle
1022 475 1351 529 composuerunt
1386 479 1470 517 tra-

163 533 358 589 goediam
389 534 512 575 initio
544 533 784 587 ‚,T1·oyelles
823 534 906 575 and
939 533 1159 576 Cressida“
1189 537 1337 588 postea
1373 534 1470 588 „the

163 593 357 648 Tragedy
391 592 437 634 of
464 592 789 648 Agamemnon“
820 593 1081 646 inscriptam.

277 651 500 693 Postremo
555 651 776 693 adicienda
814 654 878 692 est
914 652 1208 705 interpretatio
1252 651 1473 693 Benedicti

162 708 364 765 Graeea1)
385 711 536 751 mutila
556 725 662 764 quae
682 724 796 751 nunc
827 710 873 750 in
892 710 993 750 bibl.
1012 710 1126 763 publ.
1146 709 1278 751 Paris.
1297 724 1337 751 n.
1358 711 1472 752 2378

163 784 269 811 saec.
296 767 399 809 XIV
424 772 675 810 reservatur.
737 767 917 810 Constat
943 782 993 808 ex
1026 769 1141 809 8000
1173 768 1259 809 fere
1279 769 1473 810 versibus

163 843 252 869 non
302 828 430 868 simili
481 841 586 868 sono
638 827 930 868 desinentibus
982 829 1024 867 et
1068 826 1262 868 confecta
1308 830 1372 868 est
1421 827 1474 868 ab
1540 833 1546 837 ’

164 887 336 927 homine
370 886 442 940 qui
472 886 651 926 latinam
680 885 906 926 historiam
937 899 1025 926 non
1049 885 1165 940 legit,
1198 885 1269 940 qui
1299 885 1475 940 ignarus

164 945 350 986 Graecae
391 945 562 999 linguae
604 945 820 998 antiquae,
861 944 1036 998 ignarus
1080 944 1284 985 historiae
1316 947 1357 985 et
1387 959 1476 998 my-

163 1004 382 1058 thologiae
423 1003 609 1044 Graecae
651 1002 765 1043 haud
805 1017 941 1056 pauca
978 1003 1049 1043 vix
1087 1001 1247 1044 Graeco
1281 1017 1476 1044 sermone

166 1062 339 1106 reddere
372 1062 512 1104 callet:
544 1062 680 1103 Dares
707 1061 805 1102 huic
839 1064 904 1102 est
924 1058 1089 1114 Λάρος,
1120 1060 1236 1102 Mars
1256 1075 1344 1102 non
1366 1061 1478 1115 quod

166 1123 358 1175 expectes
383 1117 515 1174 ’Ἁρης
549 1121 622 1161 sed
653 1117 826 1173 1Μάρος,
857 1119 1068 1161 Meriones
1100 1121 1319 1173 Μερίουν.

282 1179 410 1232 Apud
450 1194 529 1220 nos
572 1193 737 1233 quoque
776 1179 857 1219 1100
897 1177 1266 1232 Francogallicum
1308 1192 1479 1219 carmen

167 1239 387 1293 cognitum
420 1241 461 1279 et
493 1238 737 1279 adamatum
769 1239 849 1278 est:
882 1237 927 1277 in
955 1235 1228 1277 Germaniam
1260 1237 1436 1278 allatum
1456 1251 1480 1277 a

164 1297 435 1351 Landgravio
467 1296 759 1351 Leiningensi,
798 1310 822 1336 a
854 1295 1125 1336 celeberrimo
1164 1294 1481 1350 Thuringorum

166 1355 437 1410 Landgravio
486 1355 734 1396 Hermanno
786 1355 857 1409 qui
900 1354 945 1394 in
989 1355 1086 1394 aula
1130 1368 1205 1394 sua
1261 1353 1482 1407 splendida

168 1413 223 1469 (a.
246 1413 553 1469 1190—1216)
574 1414 725 1467 poesin
745 1415 787 1453 et
805 1415 952 1466 poetas
984 1413 1272 1466 maximopere
1304 1409 1481 1466 colebat,

166 1475 412 1516 Hel-horto
443 1470 832 1527 Fo·2't2lc2reusi2)
866 1471 937 1525 qui
970 1486 1013 1512 se
1044 1471 1134 1524 ipse
1166 1486 1202 1512 v.
1238 1471 1378 1512 18451
1413 1484 1482 1525 ge-

168 1536 299 1575 larter
331 1533 561 1574 schuolaere
594 1531 790 1585 appellat,
819 1530 1023 1571 traditum
1056 1532 1120 1571 est
1151 1544 1199 1570 ea
1225 1529 1483 1583 condicione,

168 1596 217 1634 ut
253 1593 299 1633 in
334 1591 606 1632 vernaculam
644 1590 837 1644 linguam
877 1590 1067 1629 verteret.
1130 1587 1252 1637 Quod
1288 1588 1484 1642 princeps

168 1652 453 1705 imperaverat
490 1649 650 1690 factum
689 1650 761 1689 est.
835 1646 1117 1702 Herbortus3)
1162 1647 1385 1688 mediocris
1422 1647 1485 1687 in-

172 1710 286 1765 genii
300 1711 428 1763 poeta
447 1708 595 1763 lingua
616 1706 858 1762 germanica
873 1705 1150 1747 Benedictum
1171 1705 1485 1746 accuratissime

171 1769 299 1810 vertit
331 1770 373 1808 et-
403 1768 448 1808 in
479 1766 588 1807 libro
621 1766 719 1819 „liet
758 1778 840 1806 von
872 1764 1033 1818 Troye“
1058 1764 1224 1817 saepius
1264 1761 1319 1818 (v.
1339 1764 1394 1804 47
1430 1764 1486 1805 65

177 1827 260 1868 106
320 1826 431 1867 1178
488 1823 629 1879 4786)
698 1838 787 1864 non
848 1823 968 1864 illum
1018 1822 1207 1876 quidem,
1277 1825 1321 1863 at
1381 1822 1487 1876 „clas

172 1885 357 1927 w'alsche
401 1883 552 1925 1311011(ί
595 1897 717 1924 suum
763 1882 927 1923 fontem
969 1895 1060 1922 esse
1100 1881 1272 1934 repetit-3
1322 1883 1489 1934 praeter

174 1945 289 1985 hunc
321 1946 463 1984 autem
496 1940 551 1987 (v.
584 1941 658 1996 53)
691 1940 821 1981 Tares
843 1940 897 1988 (v.
934 1940 1044 1981 1617
1079 1940 1192 1981 2908
1225 1939 1340 1980 3243
1372 1940 1488 1981 4042

176 2002 317 2043 12523
354 1991 692 2053 1375914945)
730 1998 865 2040 Dares
904 1997 958 2052 (v.
994 1998 1133 2040 14938
1171 1997 1312 2039 14945
1347 1998 1489 2039 16324

273 2130 296 2173 ¹)
310 2129 439 2172 Ideler,
455 2128 675 2163 Geschichte
687 2128 751 2162 der
763 2126 1094 2162 altfranzosischen
1107 2125 1491 2160 National-Literatur

179 2189 214 2221 p.
243 2180 297 2211 74.
347 2175 432 2220 Joly
458 2175 482 2209 l.
507 2175 531 2210 l.
557 2187 593 2219 p.
621 2179 699 2209 521.
801 2174 827 2218 2>
854 2173 1005 2218 Dunger
1024 2173 1047 2207 l.
1073 2173 1097 2207 1.
1123 2185 1159 2217 p.
1186 2176 1242 2207 40.
1281 2171 1490 2214 Cholevius,

178 2224 236 2258 die
263 2222 483 2258 Geschichte
509 2222 574 2257 der
600 2221 802 2256 deutschen
827 2220 957 2255 Poesie
982 2220 1078 2254 nach
1103 2219 1209 2254 ihren
1234 2218 1388 2252 antiken
1406 2217 1490 2252 Ele-

175 2272 325 2305 menten
349 2282 384 2314 p.
414 2274 480 2304 126
507 2281 588 2313 sqq.
700 2268 725 2313 3)
751 2267 807 2302 ed.
833 2267 1059 2301 Frommann
1085 2269 1174 2301 1837
1202 2276 1246 2300 ex
1271 2265 1379 2299 unico
1411 2264 1491 2300 cod.

176 2317 411 2361 Heidelberg.
462 2316 507 2351 cf.
558 2316 782 2350 Frommann
819 2314 980 2348 Herbort
1028 2324 1101 2348 von
1137 2312 1297 2346 Fritzlar
1340 2312 1409 2346 etc.
1453 2311 1493 2345 in

177 2363 340 2398 Pfeifferi
366 2362 564 2398 Germania
588 2375 623 2407 p.
651 2367 695 2397 49
723 2373 801 2406 sqq.
