1607 2536
377 59 439 94 DE
466 58 661 94 EXCIDIO
691 58 867 94 TROIAE
894 58 1131 94 HISTORIA.
1394 59 1415 98 7

105 156 255 198 Peleus
286 155 474 209 hospitio
505 155 646 201 triduo
673 155 852 209 recepit,
884 154 950 195 die
971 157 1123 209 quarto
1153 157 1279 209 rogat
1311 167 1418 207 eum,

107 215 206 269 quid
237 214 411 255 venerit.
460 213 657 255 Antenor
688 213 790 255 dicit
822 227 929 268 quae
963 227 987 253 a
1012 212 1184 254 Priamo
1216 212 1418 253 mandata

106 276 244 327 era-nt,
284 276 332 314 ut
363 271 514 314 Graios
554 272 808 326 postularet,
850 274 897 312 ut
934 270 1126 312 Hesiona
1164 271 1418 312 redderetur.

103 331 207 373 haec
239 331 313 373 ubi
344 330 494 372 Peleus
528 331 706 384 audivit,
745 330 930 385 graviter
966 330 1065 371 tulit
1097 332 1139 371 et
1177 329 1290 384 quod
1315 329 1419 370 haec

106 390 158 431 ad
197 404 239 432 se
276 390 488 444 pertinere
525 389 714 443 videbat,
751 389 870 430 iubet
913 402 1008 429 eum
1048 389 1098 430 de
1136 388 1291 429 finibus
1332 388 1418 429 suis
1439 398 1454 423 5

105 449 327 490 discedere.
385 448 581 489 Antenor
626 448 735 489 nihil
784 450 975 488 moratus
1021 447 1165 488 navim
1219 447 1420 500 ascendit,

107 503 336 548 secundum
376 506 599 548 Boeotiam
639 506 720 547 iter
759 506 876 559 fecit,
916 504 1178 547 Salaminam
1221 505 1420 546 advectus

107 569 172 606 est
212 566 265 606 ad
306 564 600 619 Telamonem,
641 578 792 620 rogare
835 579 931 606 eum
972 565 1129 618 coepit,
1169 567 1217 605 ut
1248 563 1420 605 Priamo

104 623 339 665 Hesionam
372 638 561 665 sororem
598 624 809 665 redderet:
847 638 937 665 non
968 623 1081 664 enim
1114 637 1205 664 esse
1239 637 1419 677 aequum

105 683 151 723 in
190 683 391 724 servitute
426 682 584 723 habere
616 682 722 737 regii
755 682 922 737 generis
953 682 1151 735 puellam.
1214 681 1419 722 Telamon
1441 691 1474 715 10

106 740 317 783 Antenori
360 741 582 795 respondit
623 741 731 782 nihil
775 755 800 781 a
844 755 887 782 se
927 739 1099 782 Priamo
1131 740 1309 792 factum,
1349 740 1422 781 sed

108 800 221 854 quod
257 799 428 841 virtutis
467 813 594 840 causa
632 799 713 840 sibi
745 800 950 841 donatum
983 799 1039 840 sit
1081 813 1123 840 se
1155 799 1318 839 nemini
1350 799 1420 840 da-

105 861 268 899 turum:
302 858 356 899 ob
387 858 469 899 hoc
499 857 764 899 Antenorem
797 858 846 898 de
878 858 1020 899 insula
1052 857 1264 898 discedere
1291 857 1420 898 iubet.

105 916 302 958 Antenor
337 917 482 957 navim
521 917 767 958 conscendit
810 920 852 957 et
888 916 934 957 in
973 915 1180 958 Achaiam
1216 916 1419 970 pervenit.

105 975 203 1016 inde
235 975 288 1016 ad
320 974 540 1017 Castorem
573 978 615 1016 et
646 975 862 1016 Pollucem
901 975 1065 1016 delatus
1098 975 1238 1029 coepit
1270 975 1322 1015 ab
1354 974 1421 1016 his
1442 984 1475 1009 15

106 1034 339 1087 postulare,
385 1036 432 1075 ut
474 1033 646 1075 Priamo
686 1033 982 1075 satisfacerent
1019 1036 1061 1074 et
1106 1034 1143 1074 ei
1186 1032 1423 1074 Hesionam

109 1106 298 1134 sororem
330 1092 564 1133 redderent.
624 1091 777 1134 Castor
808 1095 850 1133 et
880 1091 1033 1133 Pollux
1064 1095 1330 1146 negaverunt
1361 1092 1422 1133 in-

106 1151 259 1192 iuriam
279 1150 452 1192 Priamo
487 1150 642 1192 factam
676 1165 785 1204 esse,
820 1151 1085 1192 Antenorem
1117 1150 1330 1192 discedere
1362 1151 1423 1191 iu—

106 1209 220 1250 bent.
281 1209 379 1250 inde
411 1208 563 1264 Pylum
597 1209 649 1250 ad
680 1208 908 1251 Nestorem
939 1209 1075 1262 venit,
1114 1208 1220 1250 dixit
1249 1207 1423 1250 Nestori

108 1282 191 1322 qua
229 1267 278 1308 de
311 1281 439 1309 causa
475 1268 675 1309 venisset.
738 1268 810 1323 qui
842 1271 890 1309 ut
929 1268 1090 1309 audivit
1122 1267 1260 1322 coepit
1291 1267 1422 1309 Ante-
1444 1277 1478 1302 20

107 1340 256 1367 norem
289 1326 532 1381 obiurgare,
571 1341 644 1368 cur
682 1341 809 1368 ausus
844 1326 899 1368 sit
936 1327 980 1367 in
1013 1325 1236 1368 Graeciam
1268 1327 1424 1381 venire,

108 1399 203 1425 cum
236 1399 261 1426 a
290 1384 533 1440 Phrygibus
566 1385 729 1439 priores
762 1384 912 1426 Graeci
943 1385 1048 1427 laesi
1079 1385 1273 1426 fuissent.
1334 1385 1422 1426 An-

106 1446 230 1485 tenor
267 1444 340 1485 ubi
372 1444 480 1485 uidit
516 1444 624 1486 nihil
662 1458 705 1485 se
746 1444 998 1497 impetrasse
1037 1446 1079 1485 et
1117 1444 1423 1486 contumeliose

108 1501 362 1554 [Priamum]
388 1503 581 1556 tractari,
612 1503 758 1543 navim
790 1502 1054 1556 conscendit,
1086 1502 1260 1544 domum
1287 1516 1421 1544 rever—

106 1575 177 1601 sus
210 1563 286 1602 est.
347 1560 519 1602 Priamo
556 1561 647 1616 regi
680 1560 961 1615 demonstrat,
997 1561 1099 1616 quid
1130 1561 1421 1616 unusquisque
1442 1571 1476 1595 25

203 1656 219 1686 1
258 1653 403 1697 accepit
437 1653 486 1687 M
543 1653 705 1697 suscepit
737 1653 769 1688 G
824 1653 966 1698 recepit·
995 1652 1032 1687 R
1141 1657 1160 1688 2
1200 1653 1344 1689 ueniret
1377 1654 1424 1688 M

103 1699 200 1733 solus
223 1700 226 1742 1
249 1699 309 1734 die
324 1720 366 1724 ——
382 1699 528 1734 uenerit
553 1710 618 1735 om.
654 1700 687 1735 G
710 1702 713 1742 1
742 1711 787 1735 ea
820 1711 914 1745 quae
947 1699 980 1735 G
1084 1704 1103 1735 3
1130 1700 1308 1735 reddatur
1334 1701 1382 1735 M
1391 1701 1424 1735 G

103 1747 251 1780 tantum
276 1746 493 1781 redderetur
511 1746 548 1781 R
644 1752 666 1782 4
692 1747 782 1782 tulit
807 1758 850 1783 eo
877 1747 975 1792 quod
1003 1746 1035 1781 G
1058 1749 1062 1789 Ι
1085 1747 1176 1782 haec
1203 1747 1250 1782 ad
1284 1758 1321 1782 se
1345 1747 1427 1782 DV

103 1803 168 1826 om.
192 1793 241 1827 M
286 1792 379 1828 haee
399 1793 577 1838 pertineri
597 1794 644 1828 ad
665 1805 702 1829 se
723 1794 757 1829 G
848 1798 868 1829 5
888 1794 1087 1829 uidebatur
1108 1794 1157 1828 M
1198 1793 1425 1829 uidebantur

102 1838 207 1882 DV}
231 1839 306 1874 suis
332 1850 398 1875 om.
426 1841 476 1875 M
579 1845 597 1875 7
624 1840 789 1876 boetiam
812 1841 861 1876 M
907 1841 1076 1876 boeeiam
1104 1840 1136 1875 G
1160 1842 1163 1883 Ι
1187 1840 1369 1876 salamina
1390 1841 1423 1877 G

104 1890 124 1921 9
145 1897 280 1930 equum
301 1897 379 1921 esse
400 1887 463 1922 diu
478 1886 512 1922 G
562 1898 641 1923 esse
662 1887 828 1923 debitum
845 1888 894 1922 M
980 1892 1022 1923 10
1045 1887 1263 1922 seruitutem
1284 1887 1317 1923 G
1340 1891 1344 1931 Ι
1367 1899 1424 1924 re-

104 1933 206 1978 giam
232 1933 397 1978 puellam
423 1933 457 1969 G
556 1938 597 1969 12
632 1935 743 1980 quod]
771 1935 947 1980 quoniam
979 1935 1028 1969 M
1054 1936 1058 1976 1
1087 1934 1159 1969 sibi
1185 1945 1250 1970 om.
1280 1935 1328 1969 ,711
1356 1937 1360 1977 Ι
1389 1947 1426 1970 se

105 1990 171 2015 om.
200 1980 250 2014 M
345 1984 387 2015 13
419 1980 525 2016 iubet
550 1983 588 2016 et
621 1981 670 2016 M
767 1987 809 2016 14
835 1982 1002 2016 Antenor
1022 2002 1065 2006 —
1089 1982 1262 2026 peruenit
1293 1993 1359 2017 om.
1393 1982 1426 2018 G

106 2031 147 2062 17
176 2037 337 2062 sororem
363 2038 429 2062 om.
451 2027 484 2063 G
584 2032 625 2063 18
651 2028 675 2063 f.
703 2039 732 2064 e.
760 2040 814 2073 pr.
841 2028 904 2064 sed
930 2028 1207 2064 laomedontem
1234 2040 1296 2064 eos
1323 2029 1426 2074 prius

102 2073 230 2109 lesisse
258 2073 291 2108 G
387 2078 429 2109 21
460 2076 556 2110 esset
583 2075 616 2110 G
714 2080 757 2110 22
786 2075 916 2111 Graeci
942 2086 1008 2111 om.
1031 2076 1079 2110 M
1175 2080 1218 2110 23
1242 2076 1305 2111 ubi
1326 2076 1423 2111 uidit

103 2124 178 2156 ant.
198 2121 234 2155 B
283 2121 347 2156 ubi
372 2121 518 2156 audiuit
543 2124 618 2157 ant.
648 2122 697 2157 M
744 2125 901 2158 antenor
933 2123 997 2158 ubi
1024 2122 1171 2157 audiuit
1197 2122 1228 2157 G
1261 2126 1422 2158 nostrum

102 2169 233 2211 scripsi
258 2178 302 2203 ex
325 2168 361 2202 B
381 2172 412 2203 ει
433 2168 466 2204 G
489 2170 492 2209 1
516 2171 554 2204 et
573 2180 610 2204 se
631 2172 667 2204 et
693 2169 751 2205 Pr.
773 2174 868 2204 cont.
889 2169 930 2204 F
1024 2173 1068 2204 24
1094 2169 1290 2204 Priamum
1320 2172 1422 2205 uncis

101 2214 236 2295 &chosi
258 2217 261 2258 Ι
283 2217 442 2251 tractare
470 2216 518 2250 M
539 2218 542 2260 Ι
565 2215 730 2251 ascendit
761 2216 794 2252 G
892 2220 935 2252 25
963 2216 1147 2261 quomodo
1176 2217 1222 2251 M
1232 2218 1264 2252 G
1315 2217 1414 2261 quod

152 2289 159 2304 ,
186 2272 250 2296 nos
276 2263 376 2306 quid.
