<?xml version="1.0" encoding="UTF-8"?>
<!DOCTYPE html PUBLIC "-//W3C//DTD XHTML 1.0 Transitional//EN"
    "http://www.w3.org/TR/xhtml1/DTD/xhtml1-transitional.dtd">
<html xmlns="http://www.w3.org/1999/xhtml" xml:lang="en" lang="en">
 <head>
  <title>
</title>
<meta http-equiv="Content-Type" content="text/html;charset=utf-8" />
  <meta name='ocr-system' content='tesseract 3.04.00' />
  <meta name='ocr-capabilities' content='ocr_page ocr_carea ocr_par ocr_line ocrx_word'/>
</head>
<body>
  <div class='ocr_page' id='page_1' title='image "./daretisphrygiide00dareuoft_0058.png"; bbox 0 0 1607 2536; ppageno 0'>
   <div class='ocr_carea' id='block_1_1' title="bbox 152 124 1001 167">
    <p class='ocr_par' dir='ltr' id='par_1_1' title="bbox 152 124 1001 167">
     <span class='ocr_line' id='line_1_1' title="bbox 152 124 1001 167; baseline -0.002 -6"><span class='ocrx_word' id='word_1_1' title='bbox 152 128 180 167; x_wconf 85' lang='lat'>4</span> <span class='ocrx_word' id='word_1_2' title='bbox 566 125 776 160; x_wconf 84' lang='lat' dir='ltr'>DARETIS</span> <span class='ocrx_word' id='word_1_3' title='bbox 802 124 1001 160; x_wconf 86' lang='lat' dir='ltr'>PHRYGII</span> 
     </span>
    </p>
   </div>
   <div class='ocr_carea' id='block_1_2' title="bbox 153 220 1462 450">
    <p class='ocr_par' dir='ltr' id='par_1_2' title="bbox 153 220 1462 450">
     <span class='ocr_line' id='line_1_2' title="bbox 154 220 1462 275; baseline -0.001 -12"><span class='ocrx_word' id='word_1_4' title='bbox 154 237 249 263; x_wconf 80' lang='lat' dir='ltr'>eum</span> <span class='ocrx_word' id='word_1_5' title='bbox 281 236 329 263; x_wconf 93' lang='lat' dir='ltr'>eo</span> <span class='ocrx_word' id='word_1_6' title='bbox 362 223 566 262; x_wconf 84' lang='lat' dir='ltr'>venerant</span> <span class='ocrx_word' id='word_1_7' title='bbox 598 221 781 275; x_wconf 84' lang='lat' dir='ltr'>graviter</span> <span class='ocrx_word' id='word_1_8' title='bbox 812 220 1002 261; x_wconf 86' lang='lat' dir='ltr'>tulerunt</span> <span class='ocrx_word' id='word_1_9' title='bbox 1033 220 1325 262; x_wconf 75' lang='lat' dir='ltr'>crudelitatem</span> <span class='ocrx_word' id='word_1_10' title='bbox 1355 221 1462 262; x_wconf 88' lang='lat' dir='ltr'>Lao-</span> 
     </span>
     <span class='ocr_line' id='line_1_3' title="bbox 154 279 1461 333; baseline -0.002 -11"><span class='ocrx_word' id='word_1_11' title='bbox 154 280 364 322; x_wconf 85' lang='lat' dir='ltr'>medontis</span> <span class='ocrx_word' id='word_1_12' title='bbox 398 281 456 321; x_wconf 85' lang='lat' dir='ltr'>sic</span> <span class='ocrx_word' id='word_1_13' title='bbox 489 293 532 320; x_wconf 91' lang='lat' dir='ltr'>se</span> <span class='ocrx_word' id='word_1_14' title='bbox 565 279 618 320; x_wconf 85' lang='lat' dir='ltr'>ab</span> <span class='ocrx_word' id='word_1_15' title='bbox 645 293 694 320; x_wconf 90' lang='lat' dir='ltr'>eo</span> <span class='ocrx_word' id='word_1_16' title='bbox 726 279 917 333; x_wconf 81' lang='lat' dir='ltr'>tractari,</span> <span class='ocrx_word' id='word_1_17' title='bbox 949 293 1043 320; x_wconf 88' lang='grc'><strong>611111</strong></span> <span class='ocrx_word' id='word_1_18' title='bbox 1072 279 1189 319; x_wconf 86' lang='lat' dir='ltr'>nulla</span> <span class='ocrx_word' id='word_1_19' title='bbox 1221 280 1273 320; x_wconf 90' lang='lat' dir='ltr'>ab</span> <span class='ocrx_word' id='word_1_20' title='bbox 1306 280 1365 320; x_wconf 87' lang='lat' dir='ltr'>eis</span> <span class='ocrx_word' id='word_1_21' title='bbox 1397 280 1461 320; x_wconf 82' lang='lat' dir='ltr'>in—</span> 
     </span>
     <span class='ocr_line' id='line_1_4' title="bbox 153 337 1462 380; baseline -0.001 0"><span class='ocrx_word' id='word_1_22' title='bbox 153 340 263 380; x_wconf 87' lang='lat' dir='ltr'>iuria</span> <span class='ocrx_word' id='word_1_23' title='bbox 293 339 406 380; x_wconf 83' lang='lat' dir='ltr'>facta</span> <span class='ocrx_word' id='word_1_24' title='bbox 438 340 560 379; x_wconf 81' lang='lat' dir='ltr'>esset.</span> <span class='ocrx_word' id='word_1_25' title='bbox 623 337 748 379; x_wconf 89' lang='lat' dir='ltr'>simul</span> <span class='ocrx_word' id='word_1_26' title='bbox 778 337 988 379; x_wconf 72' lang='lat' dir='ltr'>timebant</span> <span class='ocrx_word' id='word_1_27' title='bbox 1021 337 1336 378; x_wconf 62' lang='lat' dir='ltr'>multitudinem</span> <span class='ocrx_word' id='word_1_28' title='bbox 1368 338 1462 379; x_wconf 86' lang='lat' dir='ltr'>bar-</span> 
     </span>
     <span class='ocr_line' id='line_1_5' title="bbox 154 395 1462 450; baseline 0.001 -15"><span class='ocrx_word' id='word_1_29' title='bbox 154 398 370 450; x_wconf 75' lang='lat' dir='ltr'>barorum,</span> <span class='ocrx_word' id='word_1_30' title='bbox 410 396 444 437; x_wconf 90' lang='lat' dir='ltr'>si</span> <span class='ocrx_word' id='word_1_31' title='bbox 476 399 625 438; x_wconf 87' lang='lat' dir='ltr'>contra</span> <span class='ocrx_word' id='word_1_32' title='bbox 662 395 886 450; x_wconf 89' lang='lat' dir='ltr'>imperium</span> <span class='ocrx_word' id='word_1_33' title='bbox 918 399 1172 437; x_wconf 83' lang='lat' dir='ltr'>conarentur</span> <span class='ocrx_word' id='word_1_34' title='bbox 1202 409 1462 450; x_wconf 85' lang='lat' dir='ltr'>permanere,</span> 
     </span>
    </p>
   </div>
   <div class='ocr_carea' id='block_1_3' title="bbox 121 454 1462 509">
    <p class='ocr_par' dir='ltr' id='par_1_3' title="bbox 121 454 1462 509">
     <span class='ocr_line' id='line_1_6' title="bbox 121 454 1462 509; baseline -0.001 -13"><span class='ocrx_word' id='word_1_35' title='bbox 121 469 208 497; x_wconf 71' lang='grc'><strong>5116</strong></span> <span class='ocrx_word' id='word_1_36' title='bbox 251 455 607 509; x_wconf 79' lang='lat' dir='ltr'>obprimerentur‚</span> <span class='ocrx_word' id='word_1_37' title='bbox 654 468 749 495; x_wconf 89' lang='lat' dir='ltr'>cum</span> <span class='ocrx_word' id='word_1_38' title='bbox 789 454 871 508; x_wconf 88' lang='lat' dir='ltr'>ipsi</span> <span class='ocrx_word' id='word_1_39' title='bbox 911 467 998 495; x_wconf 88' lang='lat' dir='ltr'>non</span> <span class='ocrx_word' id='word_1_40' title='bbox 1042 457 1184 495; x_wconf 84' lang='lat' dir='ltr'>essent</span> <span class='ocrx_word' id='word_1_41' title='bbox 1224 454 1363 508; x_wconf 87' lang='lat' dir='ltr'>parati</span> <span class='ocrx_word' id='word_1_42' title='bbox 1410 454 1462 495; x_wconf 85' lang='lat' dir='ltr'>ad</span> 
     </span>
    </p>
   </div>
   <div class='ocr_carea' id='block_1_4' title="bbox 105 761 135 783">
    <p class='ocr_par' dir='ltr' id='par_1_4' title="bbox 105 761 135 783">
     <span class='ocr_line' id='line_1_7' title="bbox 105 761 135 783; baseline 0 0"><span class='ocrx_word' id='word_1_43' title='bbox 105 761 135 783; x_wconf 77' lang='lat'>10</span> 
     </span>
    </p>
   </div>
   <div class='ocr_carea' id='block_1_5' title="bbox 107 1341 139 1365">
    <p class='ocr_par' dir='ltr' id='par_1_5' title="bbox 107 1341 139 1365">
     <span class='ocr_line' id='line_1_8' title="bbox 107 1341 139 1365; baseline 0 0"><span class='ocrx_word' id='word_1_44' title='bbox 107 1341 139 1365; x_wconf 79' lang='lat'>20</span> 
     </span>
    </p>
   </div>
   <div class='ocr_carea' id='block_1_6' title="bbox 147 512 1464 568">
    <p class='ocr_par' dir='ltr' id='par_1_6' title="bbox 147 512 1464 568">
     <span class='ocr_line' id='line_1_9' title="bbox 147 512 1464 568; baseline -0.002 -13"><span class='ocrx_word' id='word_1_45' title='bbox 147 513 467 568; x_wconf 81' lang='lat' dir='ltr'>proeliandum:</span> <span class='ocrx_word' id='word_1_46' title='bbox 506 513 649 554; x_wconf 86' lang='lat' dir='ltr'>navim</span> <span class='ocrx_word' id='word_1_47' title='bbox 688 512 1023 554; x_wconf 86' lang='lat' dir='ltr'>conscenderunt</span> <span class='ocrx_word' id='word_1_48' title='bbox 1055 516 1097 553; x_wconf 86' lang='lat' dir='ltr'>et</span> <span class='ocrx_word' id='word_1_49' title='bbox 1129 527 1151 554; x_wconf 87' lang='lat' dir='ltr'>a</span> <span class='ocrx_word' id='word_1_50' title='bbox 1185 517 1299 554; x_wconf 86' lang='lat' dir='ltr'>terra</span> <span class='ocrx_word' id='word_1_51' title='bbox 1330 514 1464 554; x_wconf 84' lang='lat' dir='ltr'>reces-</span> 
     </span>
    </p>
   </div>
   <div class='ocr_carea' id='block_1_7' title="bbox 156 570 1471 1034">
    <p class='ocr_par' dir='ltr' id='par_1_7' title="bbox 156 570 1466 672">
     <span class='ocr_line' id='line_1_10' title="bbox 156 570 1466 626; baseline -0.002 -13"><span class='ocrx_word' id='word_1_52' title='bbox 156 576 318 626; x_wconf 81' lang='lat' dir='ltr'>serunt,</span> <span class='ocrx_word' id='word_1_53' title='bbox 366 570 546 613; x_wconf 82' lang='lat' dir='ltr'>Colchos</span> <span class='ocrx_word' id='word_1_54' title='bbox 590 571 769 625; x_wconf 83' lang='lat' dir='ltr'>profecti</span> <span class='ocrx_word' id='word_1_55' title='bbox 814 574 929 625; x_wconf 81' lang='lat' dir='ltr'>sunt,</span> <span class='ocrx_word' id='word_1_56' title='bbox 978 571 1131 625; x_wconf 86' lang='lat' dir='ltr'>pellem</span> <span class='ocrx_word' id='word_1_57' title='bbox 1185 571 1466 624; x_wconf 84' lang='lat' dir='ltr'>abstulerunt,</span> 
     </span>
     <span class='ocr_line' id='line_1_11' title="bbox 156 629 657 672; baseline -0.002 -1"><span class='ocrx_word' id='word_1_58' title='bbox 156 631 325 672; x_wconf 85' lang='lat' dir='ltr'>domum</span> <span class='ocrx_word' id='word_1_59' title='bbox 358 629 514 672; x_wconf 84' lang='lat' dir='ltr'>reversi</span> <span class='ocrx_word' id='word_1_60' title='bbox 546 632 657 671; x_wconf 88' lang='lat' dir='ltr'>sunt.</span> 
     </span>
    </p>

    <p class='ocr_par' dir='ltr' id='par_1_8' title="bbox 156 687 1471 1034">
     <span class='ocr_line' id='line_1_12' title="bbox 273 687 1467 742; baseline -0.002 -12"><span class='ocrx_word' id='word_1_61' title='bbox 273 688 349 730; x_wconf 90' lang='lat' dir='ltr'>III.</span> <span class='ocrx_word' id='word_1_62' title='bbox 410 687 615 730; x_wconf 88' lang='lat' dir='ltr'>Hercules</span> <span class='ocrx_word' id='word_1_63' title='bbox 648 688 834 742; x_wconf 85' lang='lat' dir='ltr'>graviter</span> <span class='ocrx_word' id='word_1_64' title='bbox 864 688 963 728; x_wconf 90' lang='lat' dir='ltr'>tulit</span> <span class='ocrx_word' id='word_1_65' title='bbox 996 702 1020 728; x_wconf 87' lang='lat' dir='ltr'>a</span> <span class='ocrx_word' id='word_1_66' title='bbox 1051 701 1149 742; x_wconf 82' lang='lat' dir='ltr'>rege</span> <span class='ocrx_word' id='word_1_67' title='bbox 1176 687 1467 729; x_wconf 84' lang='lat' dir='ltr'>Laomedonte</span> 
     </span>
     <span class='ocr_line' id='line_1_13' title="bbox 156 745 1467 800; baseline -0.002 -12"><span class='ocrx_word' id='word_1_68' title='bbox 156 747 460 789; x_wconf 83' lang='lat' dir='ltr'>contumeliose</span> <span class='ocrx_word' id='word_1_69' title='bbox 499 760 543 787; x_wconf 90' lang='lat' dir='ltr'>se</span> <span class='ocrx_word' id='word_1_70' title='bbox 580 748 810 788; x_wconf 88' lang='lat' dir='ltr'>tractatum</span> <span class='ocrx_word' id='word_1_71' title='bbox 854 749 896 787; x_wconf 90' lang='lat' dir='ltr'>et</span> <span class='ocrx_word' id='word_1_72' title='bbox 932 759 1003 787; x_wconf 91' lang='lat' dir='ltr'>eos</span> <span class='ocrx_word' id='word_1_73' title='bbox 1048 747 1119 800; x_wconf 89' lang='lat' dir='ltr'>qui</span> <span class='ocrx_word' id='word_1_74' title='bbox 1162 760 1246 787; x_wconf 88' lang='lat' dir='ltr'>una</span> <span class='ocrx_word' id='word_1_75' title='bbox 1287 745 1467 800; x_wconf 86' lang='lat' dir='ltr'>profecti</span> 
     </span>
     <span class='ocr_line' id='line_1_14' title="bbox 156 803 1468 858; baseline -0.001 -12"><span class='ocrx_word' id='word_1_76' title='bbox 156 808 278 846; x_wconf 88' lang='lat' dir='ltr'>erant</span> <span class='ocrx_word' id='word_1_77' title='bbox 309 804 490 847; x_wconf 85' lang='lat' dir='ltr'>Colchos</span> <span class='ocrx_word' id='word_1_78' title='bbox 523 818 618 846; x_wconf 88' lang='grc'><strong>611111</strong></span> <span class='ocrx_word' id='word_1_79' title='bbox 650 804 820 858; x_wconf 82' lang='lat' dir='ltr'>Iasone,</span> <span class='ocrx_word' id='word_1_80' title='bbox 858 803 1056 858; x_wconf 83' lang='lat' dir='ltr'>Spartam</span> <span class='ocrx_word' id='word_1_81' title='bbox 1089 804 1140 845; x_wconf 87' lang='lat' dir='ltr'>ad</span> <span class='ocrx_word' id='word_1_82' title='bbox 1173 803 1393 846; x_wconf 84' lang='lat' dir='ltr'>Castorem</span> <span class='ocrx_word' id='word_1_83' title='bbox 1425 808 1468 845; x_wconf 89' lang='lat' dir='ltr'>et</span> 
     </span>
     <span class='ocr_line' id='line_1_15' title="bbox 156 862 1468 917; baseline -0.001 -13"><span class='ocrx_word' id='word_1_84' title='bbox 156 863 372 905; x_wconf 82' lang='lat' dir='ltr'>Pollucem</span> <span class='ocrx_word' id='word_1_85' title='bbox 397 863 532 916; x_wconf 75' lang='lat' dir='ltr'>venit,</span> <span class='ocrx_word' id='word_1_86' title='bbox 565 863 655 917; x_wconf 83' lang='lat' dir='ltr'>agit</span> <span class='ocrx_word' id='word_1_87' title='bbox 681 876 776 904; x_wconf 89' lang='lat' dir='ltr'>cum</span> <span class='ocrx_word' id='word_1_88' title='bbox 806 862 891 916; x_wconf 79' lang='lat' dir='ltr'>his,</span> <span class='ocrx_word' id='word_1_89' title='bbox 923 865 972 903; x_wconf 93' lang='lat' dir='ltr'>ut</span> <span class='ocrx_word' id='word_1_90' title='bbox 997 876 1139 904; x_wconf 90' lang='lat' dir='ltr'>secum</span> <span class='ocrx_word' id='word_1_91' title='bbox 1167 877 1264 904; x_wconf 86' lang='lat' dir='ltr'>suas</span> <span class='ocrx_word' id='word_1_92' title='bbox 1289 862 1468 903; x_wconf 88' lang='lat' dir='ltr'>iniurias</span> 
     </span>
     <span class='ocr_line' id='line_1_16' title="bbox 157 920 1469 976; baseline 0 -14"><span class='ocrx_word' id='word_1_93' title='bbox 157 922 403 975; x_wconf 81' lang='lat' dir='ltr'>defendant,</span> <span class='ocrx_word' id='word_1_94' title='bbox 439 934 493 962; x_wconf 90' lang='lat' dir='ltr'>ne</span> <span class='ocrx_word' id='word_1_95' title='bbox 524 920 770 962; x_wconf 86' lang='lat' dir='ltr'>Laomedon</span> <span class='ocrx_word' id='word_1_96' title='bbox 806 921 965 975; x_wconf 86' lang='lat' dir='ltr'>inpune</span> <span class='ocrx_word' id='word_1_97' title='bbox 1006 920 1133 975; x_wconf 81' lang='lat' dir='ltr'>ferat,</span> <span class='ocrx_word' id='word_1_98' title='bbox 1171 920 1283 976; x_wconf 88' lang='lat' dir='ltr'>quod</span> <span class='ocrx_word' id='word_1_99' title='bbox 1314 921 1410 962; x_wconf 90' lang='lat' dir='ltr'>illos</span> <span class='ocrx_word' id='word_1_100' title='bbox 1443 935 1469 962; x_wconf 91' lang='lat' dir='ltr'>a</span> 
     </span>
     <span class='ocr_line' id='line_1_17' title="bbox 156 979 1471 1034; baseline -0.001 -13"><span class='ocrx_word' id='word_1_101' title='bbox 156 983 270 1021; x_wconf 86' lang='lat' dir='ltr'>terra</span> <span class='ocrx_word' id='word_1_102' title='bbox 295 983 337 1021; x_wconf 92' lang='lat' dir='ltr'>et</span> <span class='ocrx_word' id='word_1_103' title='bbox 367 983 493 1034; x_wconf 88' lang='lat' dir='ltr'>portu</span> <span class='ocrx_word' id='word_1_104' title='bbox 523 979 831 1034; x_wconf 85' lang='lat' dir='ltr'>prohibuisset:</span> <span class='ocrx_word' id='word_1_105' title='bbox 864 980 1022 1020; x_wconf 89' lang='lat' dir='ltr'>multos</span> <span class='ocrx_word' id='word_1_106' title='bbox 1049 979 1263 1021; x_wconf 87' lang='lat' dir='ltr'>adiutores</span> <span class='ocrx_word' id='word_1_107' title='bbox 1288 979 1471 1033; x_wconf 74' lang='lat' dir='ltr'>futuros,</span> 
     </span>
    </p>
   </div>
   <div class='ocr_carea' id='block_1_8' title="bbox 123 1036 1468 1092">
    <p class='ocr_par' dir='ltr' id='par_1_9' title="bbox 123 1036 1468 1092">
     <span class='ocr_line' id='line_1_18' title="bbox 123 1036 1468 1092; baseline -0.001 -12"><span class='ocrx_word' id='word_1_108' title='bbox 123 1050 137 1073; x_wconf 71' lang='grc'><strong>5</strong></span> <span class='ocrx_word' id='word_1_109' title='bbox 159 1039 193 1080; x_wconf 87' lang='lat' dir='ltr'>si</span> <span class='ocrx_word' id='word_1_110' title='bbox 227 1052 269 1079; x_wconf 92' lang='lat' dir='ltr'>se</span> <span class='ocrx_word' id='word_1_111' title='bbox 300 1038 706 1080; x_wconf 78' lang='lat' dir='ltr'>accommodassent.</span> <span class='ocrx_word' id='word_1_112' title='bbox 757 1036 909 1079; x_wconf 85' lang='lat' dir='ltr'>Castor</span> <span class='ocrx_word' id='word_1_113' title='bbox 940 1040 982 1079; x_wconf 90' lang='lat' dir='ltr'>et</span> <span class='ocrx_word' id='word_1_114' title='bbox 1012 1037 1165 1079; x_wconf 87' lang='lat' dir='ltr'>Pollux</span> <span class='ocrx_word' id='word_1_115' title='bbox 1197 1038 1341 1079; x_wconf 88' lang='lat' dir='ltr'>omnia</span> <span class='ocrx_word' id='word_1_116' title='bbox 1371 1051 1468 1092; x_wconf 89' lang='lat' dir='ltr'>pro·</span> 
     </span>
    </p>
   </div>
   <div class='ocr_carea' id='block_1_9' title="bbox 157 1095 1472 1618">
    <p class='ocr_par' dir='ltr' id='par_1_10' title="bbox 157 1095 1472 1618">
     <span class='ocr_line' id='line_1_19' title="bbox 157 1095 1468 1150; baseline -0.002 -12"><span class='ocrx_word' id='word_1_117' title='bbox 157 1097 365 1138; x_wconf 87' lang='lat' dir='ltr'>miserunt</span> <span class='ocrx_word' id='word_1_118' title='bbox 403 1110 446 1137; x_wconf 91' lang='lat' dir='ltr'>se</span> <span class='ocrx_word' id='word_1_119' title='bbox 483 1096 671 1138; x_wconf 86' lang='lat' dir='ltr'>facturos</span> <span class='ocrx_word' id='word_1_120' title='bbox 710 1110 816 1150; x_wconf 88' lang='lat' dir='ltr'>quae</span> <span class='ocrx_word' id='word_1_121' title='bbox 853 1095 1057 1138; x_wconf 87' lang='lat' dir='ltr'>Hercules</span> <span class='ocrx_word' id='word_1_122' title='bbox 1102 1096 1238 1137; x_wconf 87' lang='lat' dir='ltr'>vellet.</span> <span class='ocrx_word' id='word_1_123' title='bbox 1306 1096 1359 1138; x_wconf 89' lang='lat' dir='ltr'>ab</span> <span class='ocrx_word' id='word_1_124' title='bbox 1400 1096 1468 1137; x_wconf 90' lang='lat' dir='ltr'>his</span> 
     </span>
     <span class='ocr_line' id='line_1_20' title="bbox 160 1154 1470 1209; baseline -0.001 -13"><span class='ocrx_word' id='word_1_125' title='bbox 160 1154 420 1196; x_wconf 78' lang='lat' dir='ltr'>Salaminam</span> <span class='ocrx_word' id='word_1_126' title='bbox 438 1155 653 1208; x_wconf 85' lang='lat' dir='ltr'>profectus</span> <span class='ocrx_word' id='word_1_127' title='bbox 679 1154 732 1196; x_wconf 84' lang='lat' dir='ltr'>ad</span> <span class='ocrx_word' id='word_1_128' title='bbox 752 1154 1025 1196; x_wconf 88' lang='lat' dir='ltr'>Telamonem</span> <span class='ocrx_word' id='word_1_129' title='bbox 1052 1155 1185 1196; x_wconf 85' lang='lat' dir='ltr'>venit:</span> <span class='ocrx_word' id='word_1_130' title='bbox 1211 1157 1335 1209; x_wconf 86' lang='lat' dir='ltr'>rogat</span> <span class='ocrx_word' id='word_1_131' title='bbox 1360 1168 1470 1208; x_wconf 87' lang='grc'><strong>611111,</strong></span> 
     </span>
     <span class='ocr_line' id='line_1_21' title="bbox 159 1213 1470 1268; baseline -0.001 -14"><span class='ocrx_word' id='word_1_132' title='bbox 159 1217 205 1254; x_wconf 90' lang='lat' dir='ltr'>ut</span> <span class='ocrx_word' id='word_1_133' title='bbox 231 1227 372 1254; x_wconf 91' lang='lat' dir='ltr'>secum</span> <span class='ocrx_word' id='word_1_134' title='bbox 399 1213 452 1254; x_wconf 86' lang='lat' dir='ltr'>ad</span> <span class='ocrx_word' id='word_1_135' title='bbox 478 1213 650 1254; x_wconf 87' lang='lat' dir='ltr'>Troiam</span> <span class='ocrx_word' id='word_1_136' title='bbox 676 1216 761 1267; x_wconf 82' lang='lat' dir='ltr'>eat⁷</span> <span class='ocrx_word' id='word_1_137' title='bbox 793 1216 841 1254; x_wconf 87' lang='lat' dir='ltr'>ut</span> <span class='ocrx_word' id='word_1_138' title='bbox 873 1227 971 1254; x_wconf 85' lang='lat' dir='ltr'>suas</span> <span class='ocrx_word' id='word_1_139' title='bbox 1004 1227 1259 1268; x_wconf 88' lang='lat' dir='ltr'>suorumque</span> <span class='ocrx_word' id='word_1_140' title='bbox 1291 1213 1470 1254; x_wconf 89' lang='lat' dir='ltr'>iniurias</span> 
     </span>
     <span class='ocr_line' id='line_1_22' title="bbox 159 1271 1468 1326; baseline -0.001 -14"><span class='ocrx_word' id='word_1_141' title='bbox 159 1271 370 1313; x_wconf 82' lang='lat' dir='ltr'>defendat.</span> <span class='ocrx_word' id='word_1_142' title='bbox 444 1271 650 1313; x_wconf 80' lang='lat' dir='ltr'>Telamon</span> <span class='ocrx_word' id='word_1_143' title='bbox 700 1271 898 1325; x_wconf 86' lang='lat' dir='ltr'>promisit</span> <span class='ocrx_word' id='word_1_144' title='bbox 941 1272 1139 1313; x_wconf 89' lang='lat' dir='ltr'>omnibus</span> <span class='ocrx_word' id='word_1_145' title='bbox 1185 1285 1228 1312; x_wconf 91' lang='lat' dir='ltr'>se</span> <span class='ocrx_word' id='word_1_146' title='bbox 1272 1273 1468 1326; x_wconf 86' lang='lat' dir='ltr'>paratum</span> 
     </span>
     <span class='ocr_line' id='line_1_23' title="bbox 159 1329 1469 1384; baseline -0.001 -13"><span class='ocrx_word' id='word_1_147' title='bbox 159 1344 269 1383; x_wconf 80' lang='lat' dir='ltr'>esse,</span> <span class='ocrx_word' id='word_1_148' title='bbox 307 1343 414 1384; x_wconf 88' lang='lat' dir='ltr'>quae</span> <span class='ocrx_word' id='word_1_149' title='bbox 445 1329 650 1371; x_wconf 90' lang='lat' dir='ltr'>Hercules</span> <span class='ocrx_word' id='word_1_150' title='bbox 687 1330 824 1371; x_wconf 80' lang='lat' dir='ltr'>facere</span> <span class='ocrx_word' id='word_1_151' title='bbox 856 1329 993 1371; x_wconf 90' lang='lat' dir='ltr'>vellet.</span> <span class='ocrx_word' id='word_1_152' title='bbox 1053 1330 1151 1371; x_wconf 88' lang='lat' dir='ltr'>inde</span> <span class='ocrx_word' id='word_1_153' title='bbox 1183 1329 1236 1371; x_wconf 88' lang='lat' dir='ltr'>ad</span> <span class='ocrx_word' id='word_1_154' title='bbox 1267 1329 1469 1370; x_wconf 87' lang='lat' dir='ltr'>Phthiam</span> 
     </span>
     <span class='ocr_line' id='line_1_24' title="bbox 158 1386 1471 1444; baseline -0.001 -15"><span class='ocrx_word' id='word_1_155' title='bbox 158 1388 374 1442; x_wconf 85' lang='lat' dir='ltr'>profectus</span> <span class='ocrx_word' id='word_1_156' title='bbox 399 1391 464 1430; x_wconf 88' lang='lat' dir='ltr'>est</span> <span class='ocrx_word' id='word_1_157' title='bbox 495 1388 547 1429; x_wconf 88' lang='lat' dir='ltr'>ad</span> <span class='ocrx_word' id='word_1_158' title='bbox 573 1387 747 1430; x_wconf 87' lang='lat' dir='ltr'>Peleum</span> <span class='ocrx_word' id='word_1_159' title='bbox 778 1391 986 1444; x_wconf 85' lang='lat' dir='ltr'>rogatque</span> <span class='ocrx_word' id='word_1_160' title='bbox 1013 1403 1126 1443; x_wconf 90' lang='grc'><strong>611111,</strong></span> <span class='ocrx_word' id='word_1_161' title='bbox 1156 1391 1205 1430; x_wconf 83' lang='grc'>111</span> <span class='ocrx_word' id='word_1_162' title='bbox 1227 1386 1374 1430; x_wconf 79' lang='lat' dir='ltr'>secum&#39;</span> <span class='ocrx_word' id='word_1_163' title='bbox 1401 1390 1471 1429; x_wconf 88' lang='lat' dir='ltr'>eat</span> 
     </span>
     <span class='ocr_line' id='line_1_25' title="bbox 159 1446 1470 1501; baseline -0.001 -14"><span class='ocrx_word' id='word_1_164' title='bbox 159 1446 212 1487; x_wconf 90' lang='lat' dir='ltr'>ad</span> <span class='ocrx_word' id='word_1_165' title='bbox 253 1446 436 1488; x_wconf 89' lang='lat' dir='ltr'>Troiam.</span> <span class='ocrx_word' id='word_1_166' title='bbox 506 1446 805 1501; x_wconf 82' lang='lat' dir='ltr'>pollicitusque</span> <span class='ocrx_word' id='word_1_167' title='bbox 847 1449 912 1488; x_wconf 89' lang='lat' dir='ltr'>est</span> <span class='ocrx_word' id='word_1_168' title='bbox 952 1447 989 1488; x_wconf 92' lang='lat' dir='ltr'>ei</span> <span class='ocrx_word' id='word_1_169' title='bbox 1029 1446 1181 1488; x_wconf 88' lang='lat' dir='ltr'>Peleus</span> <span class='ocrx_word' id='word_1_170' title='bbox 1220 1461 1263 1488; x_wconf 92' lang='lat' dir='ltr'>se</span> <span class='ocrx_word' id='word_1_171' title='bbox 1299 1447 1470 1488; x_wconf 89' lang='lat' dir='ltr'>iturum.</span> 
     </span>
     <span class='ocr_line' id='line_1_26' title="bbox 160 1503 1472 1560; baseline 0 -15"><span class='ocrx_word' id='word_1_172' title='bbox 160 1504 257 1546; x_wconf 85' lang='lat' dir='ltr'>inde</span> <span class='ocrx_word' id='word_1_173' title='bbox 282 1504 434 1559; x_wconf 82' lang='lat' dir='ltr'>Pylum</span> <span class='ocrx_word' id='word_1_174' title='bbox 467 1505 519 1546; x_wconf 90' lang='lat' dir='ltr'>ad</span> <span class='ocrx_word' id='word_1_175' title='bbox 544 1503 771 1546; x_wconf 88' lang='lat' dir='ltr'>Nestorem</span> <span class='ocrx_word' id='word_1_176' title='bbox 802 1505 1016 1559; x_wconf 86' lang='lat' dir='ltr'>profectus</span> <span class='ocrx_word' id='word_1_177' title='bbox 1043 1509 1107 1547; x_wconf 91' lang='lat' dir='ltr'>est</span> <span class='ocrx_word' id='word_1_178' title='bbox 1137 1508 1343 1560; x_wconf 80' lang='lat' dir='ltr'>rogatque</span> <span class='ocrx_word' id='word_1_179' title='bbox 1375 1518 1472 1545; x_wconf 86' lang='lat' dir='ltr'>eum</span> 
     </span>
     <span class='ocr_line' id='line_1_27' title="bbox 160 1562 1471 1618; baseline -0.001 -14"><span class='ocrx_word' id='word_1_180' title='bbox 160 1562 331 1617; x_wconf 86' lang='lat' dir='ltr'>Nestor,</span> <span class='ocrx_word' id='word_1_181' title='bbox 359 1562 459 1617; x_wconf 89' lang='lat' dir='ltr'>quid</span> <span class='ocrx_word' id='word_1_182' title='bbox 484 1563 658 1605; x_wconf 88' lang='lat' dir='ltr'>venerit.</span> <span class='ocrx_word' id='word_1_183' title='bbox 702 1562 906 1605; x_wconf 85' lang='lat' dir='ltr'>Hercules</span> <span class='ocrx_word' id='word_1_184' title='bbox 933 1564 1034 1606; x_wconf 87' lang='lat' dir='ltr'>dicit</span> <span class='ocrx_word' id='word_1_185' title='bbox 1060 1564 1172 1618; x_wconf 90' lang='lat' dir='ltr'>quod</span> <span class='ocrx_word' id='word_1_186' title='bbox 1198 1563 1340 1606; x_wconf 90' lang='lat' dir='ltr'>dolore</span> <span class='ocrx_word' id='word_1_187' title='bbox 1361 1577 1471 1604; x_wconf 90' lang='lat' dir='ltr'>com-</span> 
     </span>
    </p>
   </div>
   <div class='ocr_carea' id='block_1_10' title="bbox 111 1621 1472 1678">
    <p class='ocr_par' dir='ltr' id='par_1_11' title="bbox 111 1621 1472 1678">
     <span class='ocr_line' id='line_1_28' title="bbox 111 1621 1472 1678; baseline 0 -16"><span class='ocrx_word' id='word_1_188' title='bbox 111 1632 144 1656; x_wconf 62' lang='grc'>25</span> <span class='ocrx_word' id='word_1_189' title='bbox 164 1624 304 1662; x_wconf 90' lang='lat' dir='ltr'>motus</span> <span class='ocrx_word' id='word_1_190' title='bbox 344 1622 416 1672; x_wconf 85' lang='lat' dir='ltr'>sit,</span> <span class='ocrx_word' id='word_1_191' title='bbox 455 1622 561 1662; x_wconf 89' lang='lat' dir='ltr'>velle</span> <span class='ocrx_word' id='word_1_192' title='bbox 604 1636 647 1663; x_wconf 92' lang='lat' dir='ltr'>se</span> <span class='ocrx_word' id='word_1_193' title='bbox 689 1623 919 1664; x_wconf 87' lang='lat' dir='ltr'>exercitum</span> <span class='ocrx_word' id='word_1_194' title='bbox 956 1622 1001 1663; x_wconf 88' lang='lat' dir='ltr'>in</span> <span class='ocrx_word' id='word_1_195' title='bbox 1038 1621 1270 1678; x_wconf 85' lang='lat' dir='ltr'>Phrygiam</span> <span class='ocrx_word' id='word_1_196' title='bbox 1310 1621 1472 1663; x_wconf 82' lang='lat' dir='ltr'>ducere.</span> 
     </span>
    </p>
   </div>
   <div class='ocr_carea' id='block_1_11' title="bbox 164 1678 1471 1736">
    <p class='ocr_par' dir='ltr' id='par_1_12' title="bbox 164 1678 1471 1736">
     <span class='ocr_line' id='line_1_29' title="bbox 164 1678 1471 1736; baseline 0 -16"><span class='ocrx_word' id='word_1_197' title='bbox 164 1678 322 1721; x_wconf 87' lang='lat' dir='ltr'>Nestor</span> <span class='ocrx_word' id='word_1_198' title='bbox 370 1678 598 1720; x_wconf 85' lang='lat' dir='ltr'>Herculem</span> <span class='ocrx_word' id='word_1_199' title='bbox 648 1681 918 1722; x_wconf 84' lang='lat' dir='ltr'>conlaudavit</span> <span class='ocrx_word' id='word_1_200' title='bbox 969 1694 1224 1736; x_wconf 83' lang='lat' dir='ltr'>operamque</span> <span class='ocrx_word' id='word_1_201' title='bbox 1269 1695 1389 1722; x_wconf 86' lang='lat' dir='ltr'>suam</span> <span class='ocrx_word' id='word_1_202' title='bbox 1434 1679 1471 1721; x_wconf 90' lang='lat' dir='ltr'>ei</span> 
     </span>
    </p>
   </div>
   <div class='ocr_carea' id='block_1_12' title="bbox 162 1786 442 1790">
    <p class='ocr_par' dir='ltr' id='par_1_13' title="bbox 162 1786 442 1790">
     <span class='ocr_line' id='line_1_30' title="bbox 162 1786 442 1790; baseline 0 0"><span class='ocrx_word' id='word_1_203' title='bbox 162 1786 442 1790; x_wconf 95' lang='lat' dir='ltr'> </span> 
     </span>
    </p>
   </div>
   <div class='ocr_carea' id='block_1_13' title="bbox 162 1840 1476 2351">
    <p class='ocr_par' dir='ltr' id='par_1_14' title="bbox 162 1840 1476 2351">
     <span class='ocr_line' id='line_1_31' title="bbox 261 1840 1475 1886; baseline 0.001 -11"><span class='ocrx_word' id='word_1_204' title='bbox 261 1845 276 1875; x_wconf 89' lang='lat'>1</span> <span class='ocrx_word' id='word_1_205' title='bbox 305 1842 487 1875; x_wconf 86' lang='lat' dir='ltr'>uenerunt</span> <span class='ocrx_word' id='word_1_206' title='bbox 524 1840 557 1876; x_wconf 99' lang='lat' dir='ltr'><strong><em>G</em></strong></span> <span class='ocrx_word' id='word_1_207' title='bbox 586 1843 589 1885; x_wconf 93' lang='grc' dir='ltr'>Ι</span> <span class='ocrx_word' id='word_1_208' title='bbox 619 1841 898 1886; x_wconf 82' lang='lat' dir='ltr'>grandilitatem</span> <span class='ocrx_word' id='word_1_209' title='bbox 938 1842 987 1876; x_wconf 83' lang='lat' dir='ltr'><strong><em>M</em></strong></span> <span class='ocrx_word' id='word_1_210' title='bbox 1090 1846 1110 1876; x_wconf 99' lang='grc'><strong>2</strong></span> <span class='ocrx_word' id='word_1_211' title='bbox 1146 1853 1182 1877; x_wconf 88' lang='lat' dir='ltr'>se</span> <span class='ocrx_word' id='word_1_212' title='bbox 1221 1853 1286 1877; x_wconf 84' lang='lat' dir='ltr'>om.</span> <span class='ocrx_word' id='word_1_213' title='bbox 1327 1842 1375 1876; x_wconf 83' lang='lat' dir='ltr'><em>M</em></span> <span class='ocrx_word' id='word_1_214' title='bbox 1401 1843 1404 1885; x_wconf 80' lang='grc' dir='ltr'>Ι</span> <span class='ocrx_word' id='word_1_215' title='bbox 1432 1843 1475 1876; x_wconf 90' lang='lat' dir='ltr'>ut</span> 
     </span>
     <span class='ocr_line' id='line_1_32' title="bbox 165 1886 1472 1934; baseline 0.002 -13"><span class='ocrx_word' id='word_1_216' title='bbox 165 1886 424 1932; x_wconf 84' lang='lat' dir='ltr'>nullagratia</span> <span class='ocrx_word' id='word_1_217' title='bbox 455 1889 492 1922; x_wconf 84' lang='lat' dir='ltr'>et</span> <span class='ocrx_word' id='word_1_218' title='bbox 526 1887 574 1922; x_wconf 87' lang='lat' dir='ltr'>ab</span> <span class='ocrx_word' id='word_1_219' title='bbox 605 1887 663 1922; x_wconf 88' lang='lat' dir='ltr'>his</span> <span class='ocrx_word' id='word_1_220' title='bbox 695 1887 814 1934; x_wconf 83' lang='lat' dir='ltr'>magis</span> <span class='ocrx_word' id='word_1_221' title='bbox 839 1888 1013 1924; x_wconf 86' lang='lat' dir='ltr'>iniuriam</span> <span class='ocrx_word' id='word_1_222' title='bbox 1038 1889 1177 1924; x_wconf 86' lang='lat' dir='ltr'>factam</span> <span class='ocrx_word' id='word_1_223' title='bbox 1203 1899 1282 1924; x_wconf 82' lang='lat' dir='ltr'>esse</span> <span class='ocrx_word' id='word_1_224' title='bbox 1309 1889 1358 1924; x_wconf 85' lang='lat' dir='ltr'><em>M</em></span> <span class='ocrx_word' id='word_1_225' title='bbox 1452 1892 1472 1923; x_wconf 90' lang='lat'><strong>3</strong></span> 
     </span>
     <span class='ocr_line' id='line_1_33' title="bbox 163 1933 1475 1980; baseline 0.002 -13"><span class='ocrx_word' id='word_1_226' title='bbox 163 1933 406 1968; x_wconf 87' lang='lat' dir='ltr'>Laomedonti</span> <span class='ocrx_word' id='word_1_227' title='bbox 439 1934 522 1969; x_wconf 83' lang='lat' dir='ltr'>add.</span> <span class='ocrx_word' id='word_1_228' title='bbox 556 1934 589 1969; x_wconf 92' lang='lat' dir='ltr'><strong><em>G</em></strong></span> <span class='ocrx_word' id='word_1_229' title='bbox 614 1938 699 1978; x_wconf 75' lang='lat' dir='ltr'>post</span> <span class='ocrx_word' id='word_1_230' title='bbox 731 1936 828 1969; x_wconf 85' lang='lat' dir='ltr'>esset</span> <span class='ocrx_word' id='word_1_231' title='bbox 930 1939 950 1970; x_wconf 88' lang='grc'><strong>6</strong></span> <span class='ocrx_word' id='word_1_232' title='bbox 980 1935 1163 1980; x_wconf 88' lang='lat' dir='ltr'>proelium</span> <span class='ocrx_word' id='word_1_233' title='bbox 1195 1935 1228 1970; x_wconf 87' lang='lat' dir='ltr'><strong><em>G</em></strong></span> <span class='ocrx_word' id='word_1_234' title='bbox 1251 1937 1254 1978; x_wconf 80' lang='grc' dir='ltr'>Ι</span> <span class='ocrx_word' id='word_1_235' title='bbox 1278 1937 1316 1970; x_wconf 89' lang='lat' dir='ltr'>et</span> <span class='ocrx_word' id='word_1_236' title='bbox 1347 1945 1417 1970; x_wconf 68' lang='lat' dir='ltr'>om.</span> <span class='ocrx_word' id='word_1_237' title='bbox 1441 1934 1475 1969; x_wconf 88' lang='lat' dir='ltr'><strong><em>G</em></strong></span> 
     </span>
     <span class='ocr_line' id='line_1_34' title="bbox 166 1981 1474 2028; baseline 0.002 -15"><span class='ocrx_word' id='word_1_238' title='bbox 166 1983 207 2013; x_wconf 84' lang='grc'>12</span> <span class='ocrx_word' id='word_1_239' title='bbox 234 1990 358 2014; x_wconf 88' lang='lat' dir='ltr'>secum</span> <span class='ocrx_word' id='word_1_240' title='bbox 384 1990 452 2015; x_wconf 80' lang='lat' dir='ltr'>om..</span> <span class='ocrx_word' id='word_1_241' title='bbox 476 1983 533 2024; x_wconf 88' lang='lat' dir='ltr'>M,</span> <span class='ocrx_word' id='word_1_242' title='bbox 561 1981 664 2016; x_wconf 73' lang='lat' dir='ltr'>habet</span> <span class='ocrx_word' id='word_1_243' title='bbox 689 1982 735 2016; x_wconf 84' lang='lat' dir='ltr'>A.</span> <span class='ocrx_word' id='word_1_244' title='bbox 786 1983 911 2016; x_wconf 87' lang='lat' dir='ltr'>utrum</span> <span class='ocrx_word' id='word_1_245' title='bbox 937 1981 971 2017; x_wconf 90' lang='lat' dir='ltr'><strong><em>G</em></strong></span> <span class='ocrx_word' id='word_1_246' title='bbox 1020 1983 1101 2028; x_wconf 82' lang='lat' dir='ltr'>(pro</span> <span class='ocrx_word' id='word_1_247' title='bbox 1125 1984 1169 2017; x_wconf 91' lang='lat' dir='ltr'>ut</span> <span class='ocrx_word' id='word_1_248' title='bbox 1193 1983 1331 2026; x_wconf 87' lang='lat' dir='ltr'>secum)</span> <span class='ocrx_word' id='word_1_249' title='bbox 1431 1985 1474 2016; x_wconf 87' lang='lat'>13</span> 
     </span>
     <span class='ocr_line' id='line_1_35' title="bbox 163 2025 1474 2070; baseline 0.003 -11"><span class='ocrx_word' id='word_1_250' title='bbox 163 2026 277 2061; x_wconf 74' lang='lat' dir='ltr'>ferret</span> <span class='ocrx_word' id='word_1_251' title='bbox 302 2025 335 2061; x_wconf 91' lang='lat' dir='ltr'><strong><em>G</em></strong></span> <span class='ocrx_word' id='word_1_252' title='bbox 356 2028 361 2070; x_wconf 78' lang='grc' dir='ltr'>Ι</span> <span class='ocrx_word' id='word_1_253' title='bbox 384 2037 406 2061; x_wconf 87' lang='lat' dir='ltr'>a</span> <span class='ocrx_word' id='word_1_254' title='bbox 431 2037 496 2062; x_wconf 84' lang='lat' dir='ltr'>om.</span> <span class='ocrx_word' id='word_1_255' title='bbox 523 2027 557 2062; x_wconf 91' lang='lat' dir='ltr'><strong><em>G</em></strong></span> <span class='ocrx_word' id='word_1_256' title='bbox 655 2032 696 2062; x_wconf 87' lang='lat'>15</span> <span class='ocrx_word' id='word_1_257' title='bbox 722 2027 746 2061; x_wconf 85' lang='lat' dir='ltr'>f.</span> <span class='ocrx_word' id='word_1_258' title='bbox 774 2039 852 2063; x_wconf 82' lang='lat' dir='ltr'>sese</span> <span class='ocrx_word' id='word_1_259' title='bbox 878 2031 1194 2064; x_wconf 83' lang='lat' dir='ltr'>commutuassent</span> <span class='ocrx_word' id='word_1_260' title='bbox 1214 2029 1264 2064; x_wconf 88' lang='grc' dir='ltr'><strong>Μ</strong></span> <span class='ocrx_word' id='word_1_261' title='bbox 1359 2033 1401 2064; x_wconf 88' lang='grc'>16</span> <span class='ocrx_word' id='word_1_262' title='bbox 1426 2028 1474 2063; x_wconf 87' lang='lat' dir='ltr'>ab</span> 
     </span>
     <span class='ocr_line' id='line_1_36' title="bbox 162 2071 1474 2120; baseline 0.002 -14"><span class='ocrx_word' id='word_1_263' title='bbox 162 2071 237 2118; x_wconf 85' lang='lat' dir='ltr'>his]</span> <span class='ocrx_word' id='word_1_264' title='bbox 264 2072 350 2108; x_wconf 86' lang='lat' dir='ltr'>inde</span> <span class='ocrx_word' id='word_1_265' title='bbox 376 2072 416 2107; x_wconf 82' lang='lat' dir='ltr'><em>F</em></span> <span class='ocrx_word' id='word_1_266' title='bbox 517 2077 558 2108; x_wconf 85' lang='lat'>17</span> <span class='ocrx_word' id='word_1_267' title='bbox 584 2073 677 2118; x_wconf 86' lang='lat' dir='ltr'>prof.</span> <span class='ocrx_word' id='word_1_268' title='bbox 705 2076 762 2109; x_wconf 84' lang='lat' dir='ltr'>est</span> <span class='ocrx_word' id='word_1_269' title='bbox 789 2074 822 2109; x_wconf 92' lang='lat' dir='ltr'><strong><em>G</em></strong></span> <span class='ocrx_word' id='word_1_270' title='bbox 851 2077 854 2117; x_wconf 91' lang='grc' dir='ltr'>Ι</span> <span class='ocrx_word' id='word_1_271' title='bbox 883 2077 1064 2120; x_wconf 80' lang='lat' dir='ltr'>rogatque</span> <span class='ocrx_word' id='word_1_272' title='bbox 1097 2075 1130 2111; x_wconf 88' lang='lat' dir='ltr'><strong><em>G</em></strong></span> <span class='ocrx_word' id='word_1_273' title='bbox 1228 2080 1270 2111; x_wconf 87' lang='lat'>19</span> <span class='ocrx_word' id='word_1_274' title='bbox 1304 2075 1474 2110; x_wconf 84' lang='lat' dir='ltr'>omnibus</span> 
     </span>
     <span class='ocr_line' id='line_1_37' title="bbox 163 2118 1475 2158; baseline 0.002 -5"><span class='ocrx_word' id='word_1_275' title='bbox 163 2119 272 2153; x_wconf 84' lang='lat' dir='ltr'>rebus</span> <span class='ocrx_word' id='word_1_276' title='bbox 305 2119 354 2153; x_wconf 85' lang='lat' dir='ltr'><em>M</em></span> <span class='ocrx_word' id='word_1_277' title='bbox 360 2118 393 2153; x_wconf 95' lang='lat' dir='ltr'><strong><em>G</em></strong></span> <span class='ocrx_word' id='word_1_278' title='bbox 447 2119 556 2154; x_wconf 86' lang='lat' dir='ltr'>rebus</span> <span class='ocrx_word' id='word_1_279' title='bbox 582 2130 647 2155; x_wconf 85' lang='lat' dir='ltr'>om.</span> <span class='ocrx_word' id='word_1_280' title='bbox 681 2119 722 2154; x_wconf 80' lang='lat' dir='ltr'><em>F</em></span> <span class='ocrx_word' id='word_1_281' title='bbox 773 2131 810 2156; x_wconf 84' lang='lat' dir='ltr'>se</span> <span class='ocrx_word' id='word_1_282' title='bbox 843 2121 891 2156; x_wconf 83' lang='lat' dir='ltr'>ad</span> <span class='ocrx_word' id='word_1_283' title='bbox 924 2122 1049 2156; x_wconf 88' lang='lat' dir='ltr'>omnia</span> <span class='ocrx_word' id='word_1_284' title='bbox 1087 2122 1122 2156; x_wconf 92' lang='lat' dir='ltr'><strong><em>V</em></strong></span> <span class='ocrx_word' id='word_1_285' title='bbox 1167 2126 1212 2158; x_wconf 87' lang='grc'>20</span> <span class='ocrx_word' id='word_1_286' title='bbox 1235 2122 1329 2157; x_wconf 86' lang='lat' dir='ltr'>uelit</span> <span class='ocrx_word' id='word_1_287' title='bbox 1352 2123 1475 2157; x_wconf 86' lang='lat' dir='ltr'>facere</span> 
     </span>
     <span class='ocr_line' id='line_1_38' title="bbox 166 2165 1472 2213; baseline 0.003 -14"><span class='ocrx_word' id='word_1_288' title='bbox 166 2165 214 2200; x_wconf 88' lang='lat' dir='ltr'><em>M</em></span> <span class='ocrx_word' id='word_1_289' title='bbox 234 2168 238 2207; x_wconf 90' lang='grc'>1</span> <span class='ocrx_word' id='word_1_290' title='bbox 260 2165 411 2212; x_wconf 81' lang='lat' dir='ltr'>frigiam</span> <span class='ocrx_word' id='word_1_291' title='bbox 433 2166 482 2200; x_wconf 88' lang='lat' dir='ltr'><em>M</em></span> <span class='ocrx_word' id='word_1_292' title='bbox 515 2166 680 2211; x_wconf 87' lang='lat' dir='ltr'>phiciam</span> <span class='ocrx_word' id='word_1_293' title='bbox 701 2166 733 2201; x_wconf 88' lang='lat' dir='ltr'><strong><em>G</em></strong></span> <span class='ocrx_word' id='word_1_294' title='bbox 776 2167 946 2212; x_wconf 81' lang='lat' dir='ltr'>pythiam</span> <span class='ocrx_word' id='word_1_295' title='bbox 961 2168 1001 2202; x_wconf 86' lang='lat' dir='ltr'><strong><em>F</em></strong></span> <span class='ocrx_word' id='word_1_296' title='bbox 1041 2168 1201 2213; x_wconf 81' lang='lat' dir='ltr'>pithiam</span> <span class='ocrx_word' id='word_1_297' title='bbox 1222 2168 1358 2204; x_wconf 78' lang='lat' dir='ltr'>Vcorr.</span> <span class='ocrx_word' id='word_1_298' title='bbox 1373 2169 1472 2204; x_wconf 79' lang='lat' dir='ltr'>Mer-</span> 
     </span>
     <span class='ocr_line' id='line_1_39' title="bbox 166 2212 1475 2260; baseline 0.003 -14"><span class='ocrx_word' id='word_1_299' title='bbox 166 2213 281 2247; x_wconf 69' lang='lat' dir='ltr'>cerias</span> <span class='ocrx_word' id='word_1_300' title='bbox 378 2216 421 2247; x_wconf 85' lang='grc'>22</span> <span class='ocrx_word' id='word_1_301' title='bbox 454 2223 492 2248; x_wconf 83' lang='lat' dir='ltr'>se</span> <span class='ocrx_word' id='word_1_302' title='bbox 525 2213 548 2248; x_wconf 89' lang='lat' dir='ltr'>i.</span> <span class='ocrx_word' id='word_1_303' title='bbox 579 2213 651 2258; x_wconf 87' lang='lat' dir='ltr'>pel.</span> <span class='ocrx_word' id='word_1_304' title='bbox 685 2212 718 2248; x_wconf 91' lang='lat' dir='ltr'><strong><em>G</em></strong></span> <span class='ocrx_word' id='word_1_305' title='bbox 814 2217 857 2249; x_wconf 84' lang='lat'>23</span> <span class='ocrx_word' id='word_1_306' title='bbox 889 2214 991 2260; x_wconf 88' lang='lat' dir='ltr'>inde]</span> <span class='ocrx_word' id='word_1_307' title='bbox 1023 2215 1068 2249; x_wconf 89' lang='lat' dir='ltr'>In</span> <span class='ocrx_word' id='word_1_308' title='bbox 1099 2215 1149 2250; x_wconf 86' lang='lat' dir='ltr'><em>M</em></span> <span class='ocrx_word' id='word_1_309' title='bbox 1175 2217 1179 2258; x_wconf 79' lang='grc' dir='ltr'>ι</span> <span class='ocrx_word' id='word_1_310' title='bbox 1208 2215 1254 2250; x_wconf 87' lang='lat' dir='ltr'>ad</span> <span class='ocrx_word' id='word_1_311' title='bbox 1291 2216 1475 2250; x_wconf 84' lang='lat' dir='ltr'>nestorem</span> 
     </span>
     <span class='ocr_line' id='line_1_40' title="bbox 163 2258 1476 2305; baseline 0.003 -13"><span class='ocrx_word' id='word_1_312' title='bbox 163 2258 281 2302; x_wconf 86' lang='lat' dir='ltr'>pilum</span> <span class='ocrx_word' id='word_1_313' title='bbox 309 2258 342 2294; x_wconf 87' lang='lat' dir='ltr'><strong><em>G</em></strong></span> <span class='ocrx_word' id='word_1_314' title='bbox 440 2263 484 2294; x_wconf 85' lang='grc'>24</span> <span class='ocrx_word' id='word_1_315' title='bbox 509 2261 551 2294; x_wconf 88' lang='lat' dir='ltr'>ut</span> <span class='ocrx_word' id='word_1_316' title='bbox 582 2259 670 2304; x_wconf 84' lang='lat' dir='ltr'>quid</span> <span class='ocrx_word' id='word_1_317' title='bbox 708 2259 741 2294; x_wconf 86' lang='lat' dir='ltr'><strong><em>G</em></strong></span> <span class='ocrx_word' id='word_1_318' title='bbox 763 2262 767 2303; x_wconf 92' lang='grc'>1</span> <span class='ocrx_word' id='word_1_319' title='bbox 789 2260 934 2295; x_wconf 82' lang='lat' dir='ltr'>ueniret</span> <span class='ocrx_word' id='word_1_320' title='bbox 961 2261 1013 2295; x_wconf 15' lang='lat' dir='ltr'>MV</span> <span class='ocrx_word' id='word_1_321' title='bbox 1036 2264 1039 2304; x_wconf 69' lang='grc' dir='ltr'><strong>Ξ</strong></span> <span class='ocrx_word' id='word_1_322' title='bbox 1070 2273 1142 2305; x_wconf 87' lang='lat' dir='ltr'>quo</span> <span class='ocrx_word' id='word_1_323' title='bbox 1176 2261 1210 2296; x_wconf 88' lang='lat' dir='ltr'>V.</span> <span class='ocrx_word' id='word_1_324' title='bbox 1305 2265 1348 2297; x_wconf 82' lang='grc'>25</span> <span class='ocrx_word' id='word_1_325' title='bbox 1375 2261 1409 2296; x_wconf 90' lang='lat' dir='ltr'>d.</span> <span class='ocrx_word' id='word_1_326' title='bbox 1436 2261 1476 2296; x_wconf 87' lang='lat' dir='ltr'>in</span> 
     </span>
     <span class='ocr_line' id='line_1_41' title="bbox 164 2304 1023 2351; baseline 0.003 -13"><span class='ocrx_word' id='word_1_327' title='bbox 164 2304 250 2350; x_wconf 79' lang='lat' dir='ltr'>frig.</span> <span class='ocrx_word' id='word_1_328' title='bbox 273 2306 321 2339; x_wconf 91' lang='lat' dir='ltr'><em>M</em></span> <span class='ocrx_word' id='word_1_329' title='bbox 416 2309 458 2341; x_wconf 88' lang='grc'>26</span> <span class='ocrx_word' id='word_1_330' title='bbox 487 2316 671 2351; x_wconf 80' lang='lat' dir='ltr'>operaque</span> <span class='ocrx_word' id='word_1_331' title='bbox 699 2317 763 2341; x_wconf 82' lang='lat' dir='ltr'>sua</span> <span class='ocrx_word' id='word_1_332' title='bbox 788 2309 825 2341; x_wconf 83' lang='lat' dir='ltr'>et</span> <span class='ocrx_word' id='word_1_333' title='bbox 849 2307 938 2351; x_wconf 86' lang='lat' dir='ltr'>poll.</span> <span class='ocrx_word' id='word_1_334' title='bbox 967 2307 1023 2342; x_wconf 85' lang='lat' dir='ltr'>M.</span> 
     </span>
    </p>
   </div>
   <div class='ocr_carea' id='block_1_14' title="bbox 1575 0 1607 1008">
    <p class='ocr_par' dir='ltr' id='par_1_15' title="bbox 1575 0 1607 1008">
     <span class='ocr_line' id='line_1_42' title="bbox 1575 0 1607 1008; baseline 0 0"><span class='ocrx_word' id='word_1_335' title='bbox 1575 0 1607 1008; x_wconf 95' lang='lat' dir='ltr'> </span> 
     </span>
    </p>
   </div>
  </div>
 </body>
</html>
