1607 2536
344 73 406 108 DE
435 72 633 109 EXClDlO
661 73 839 108 TROIAE
866 73 1104 108 HISTORIA.
1326 74 1385 116 25

74 173 180 224 tere,
218 169 300 211 nisi
333 170 481 211 obvius
519 169 581 210 illi
616 168 723 209 Aiax
757 168 1029 210 Telamonius
1064 169 1225 210 fuisset.
1287 184 1383 210 cum

75 243 158 284 quo
197 243 292 270 cum
329 227 673 283 congrederetur,
712 228 914 282 cognovit
952 241 1048 268 eum
1081 241 1172 268 esse
1204 228 1254 268 de
1288 242 1382 268 san-

75 288 202 342 guine
224 301 318 341 suo,
351 289 441 328 erat
463 286 576 328 enim
604 286 652 328 de
672 285 864 328 Hesiona
891 300 1033 328 sorore
1059 284 1218 327 Priami
1244 289 1383 328 natus.

57 360 157 400 *quo
195 348 319 400 pacto
356 344 517 387 Hector
554 360 578 386 a
613 345 793 386 navibus
830 345 973 400 ignem
1011 345 1217 386 removeri
1259 345 1383 386 iussit

74 408 115 445 et
147 405 314 459 utrique
348 418 391 446 se
422 404 604 446 invicem
636 406 1030 458 remuneraverunt,
1069 407 1111 444 et
1143 403 1267 445 amici
1300 404 1381 445 dis-
1402 415 1420 439 5

74 465 302 505 cesserunt.

192 521 286 562 XX.
347 520 524 562 Postera
565 521 631 562 die
676 520 944 576 Graiugenae
988 521 1176 562 indutias
1220 524 1383 575 petunt.

73 580 262 621 Achilles
294 579 538 621 Patroclum
569 580 755 635 plangit,
794 579 1061 634 Graiugenae
1096 594 1205 621 suos.
1267 580 1382 635 Aga-

73 653 275 680 memnon
301 637 585 680 Protesilaum
613 638 840 694 magnifico
871 638 1018 680 funere
1051 638 1171 679 effert
1203 642 1381 680 ceteros·

74 711 154 752 que
188 697 450 751 sepeliendos
483 700 614 739 curat,
660 697 848 739 Achilles
881 696 1078 738 Patroclo
1110 697 1232 739 ludos
1263 697 1382 738 fune·
1404 708 1439 732 κ)

73 756 170 797 bres
196 756 310 797 facit.
355 756 453 797 dum
480 756 670 797 indutiae
698 759 814 810 sunt,
845 755 1094 797 Palamedes
1126 770 1214 797 non
1247 759 1384 797 cessat

75 814 325 856 seditionem
362 815 518 855 facere:
562 815 786 870 indignum
829 828 972 870 regem
1011 814 1382 869 Agamemnonem

74 886 184 927 esse,
222 873 294 928 qui
331 873 532 915 exercitui
569 874 809 928 imperaret.
877 874 968 927 ipse
1013 887 1154 914 coram
1197 873 1382 914 exercitu

74 932 210 972 multa
236 946 312 973 sua
332 932 472 973 studia
498 932 705 974 ostendit:
731 932 917 986 primum
944 946 1064 974 suam
1091 932 1382 974 excursionem

74 994 310 1032 castrorum
346 990 627 1032 munitionem
665 991 908 1046 vigiliarum
946 990 1237 1032 circuitionem
1270 991 1382 1045 signi
1403 1000 1439 1025 15

74 1049 290 1091 dationem
328 1049 533 1090 librarum
570 1049 890 1105 ponderumque
928 1049 1236 1091 dimensionem
1268 1063 1382 1090 exer-

74 1108 265 1162 citusque
304 1107 642 1150 instructionem.
709 1109 814 1150 haec
845 1123 940 1150 cum
973 1122 997 1149 a
1030 1122 1073 1149 se
1106 1111 1198 1150 orta
1230 1111 1384 1161 essent,

73 1180 162 1207 non
193 1180 375 1221 aequum
401 1180 510 1220 esse,
542 1181 637 1208 cum
670 1181 694 1208 a
725 1167 870 1221 paucis
902 1167 1127 1221 imperium
1153 1166 1382 1222 Agamem-

72 1225 177 1266 noni
215 1225 362 1266 datum
401 1225 474 1279 sit,
512 1239 608 1266 eum
641 1226 838 1267 omnibus
877 1226 947 1280 qui
982 1228 1131 1279 postea
1163 1225 1381 1267 convenis-

74 1286 169 1324 sent
205 1284 433 1338 imperare,
470 1285 720 1338 praesertim
753 1299 847 1326 cum
875 1299 1023 1326 omnes
1055 1284 1275 1339 ingenium
1301 1284 1380 1324 vir-
1402 1292 1436 1316 20

73 1344 294 1397 tutemque
326 1345 644 1397 exspectassent
674 1343 719 1384 in
752 1343 928 1385 ducibus
956 1343 1054 1385 suis.
1104 1343 1203 1384 dum
1231 1342 1382 1384 Achivi

74 1400 123 1441 de
156 1401 334 1455 imperio
371 1401 483 1442 inter
515 1415 558 1443 se
592 1402 779 1444 vicissim
819 1405 1001 1456 certant,
1038 1401 1247 1456 proelium
1285 1404 1384 1455 post

76 1459 294 1501 biennium
333 1460 558 1514 repetitum
592 1463 666 1502 est.
728 1461 1028 1516 Agamemnon
1061 1460 1250 1502 Achilles
1281 1458 1382 1501 Dio-

74 1518 215 1559 medes
254 1517 473 1560 Menelaus
513 1519 742 1561 exercitum
781 1520 975 1561 educunt.
1037 1522 1185 1561 contra
1222 1517 1384 1560 Hector

74 1576 242 1618 Troilus
293 1576 461 1619 Aeneas
512 1582 750 1620 occurrunt.
822 1578 871 1619 fit
914 1591 1072 1633 magna
1116 1577 1282 1631 caedes,
1331 1591 1381 1618 ex
1401 1587 1436 1614 25

72 1639 252 1690 utraque
306 1639 427 1690 parte
483 1636 705 1678 fortissimi
760 1637 941 1679 cadunt:
998 1635 1158 1678 Hector
1206 1635 1382 1678 Boetem

169 1825 185 1856 1
215 1821 274 1856 aix
305 1821 526 1858 telemonius
559 1822 591 1858 G
621 1824 624 1865 ί
653 1823 817 1858 uenisset
851 1822 885 1856 L
982 1826 1001 1857 2
1029 1833 1111 1857 cum
1137 1833 1202 1858 om.
1230 1822 1263 1856 L
1361 1827 1381 1857 3

71 1871 180 1903 natus
215 1868 351 1913 priami
380 1868 412 1904 G
518 1874 540 1904 4
565 1869 670 1904 iubet
705 1869 738 1904 G
844 1873 864 1905 8
900 1869 1194 1915 graiugenesque
1230 1868 1263 1904 G
1360 1874 1382 1904 9

1183 1924 1213 1942 re

70 1949 280 1995 protelaum
308 1949 341 1985 G
445 1955 489 1986 10
514 1950 687 1986 funebres
716 1950 822 1985 ludos
850 1949 882 1986 G
989 1955 1029 1986 13
1055 1950 1217 1996 imperat
1241 1951 1275 1986 L
1306 1955 1383 1986 tecm

72 1998 110 2032 et
128 1996 320 2032 indoctum
339 1997 373 2032 L
421 1997 572 2033 indocto
596 1997 629 2033 G
728 2001 770 2032 14
791 1997 1026 2033 excurionem
1045 1997 1079 2032 L
1128 1999 1382 2034 excussionem

74 2043 125 2086 G,
150 2044 282 2089 scripsi
307 2044 559 2080 excursionem
660 2048 701 2080 15
727 2046 948 2090 castrorum}
970 2056 1074 2081 suam
1097 2045 1130 2080 L
1230 2050 1270 2080 17
1300 2048 1382 2080 orta.

70 2090 146 2126 LG
195 2093 279 2126 acta
311 2092 514 2128 Mercerius
613 2095 655 2127 18
688 2092 730 2126 ut
761 2102 843 2127 cum
870 2092 945 2127 LG
1045 2096 1085 2128 19
1120 2092 1195 2127 dat.
1222 2094 1290 2138 Ag.
1317 2092 1378 2139 Ll

72 2139 170 2173 esset
193 2138 268 2174 LG
318 2138 368 2174 sit
393 2139 443 2173 M
469 2140 472 2183 Ι
501 2138 691 2174 uenissent
716 2138 750 2174 G
847 2142 891 2174 20
923 2139 1073 2185 ingenio
1099 2139 1133 2173 L
1155 2142 1160 2182 Ι
1183 2139 1381 2174 uirtutum-

71 2195 142 2229 que
162 2184 196 2220 G
293 2189 337 2221 22
356 2185 516 2221 inuicem
537 2187 727 2221 certantur
741 2185 774 2221 G
871 2190 915 2221 25
936 2189 1143 2222 occurrunt.
1181 2186 1230 2221 Et
1245 2196 1381 2231 magna

70 2231 178 2312 {edes
198 2231 384 2313 ³³⁶¹}qu
403 2232 505 2269 facta
525 2235 581 2268 est
605 2232 797 2268 fortissimi
821 2233 960 2268 cadunt
979 2233 1012 2269 G
1110 2238 1154 2268 :2ss
1174 2233 1324 2268 Boetem
1347 2234 1377 2265 (i

97 2288 140 2313 eo
160 2288 217 2313 em
280 2306 287 2314 .
