1607 2536
169 715 202 739 10

168 1006 200 1032 15

167 1300 202 1324 20

218 77 277 118 40
654 74 863 110 DARETIS
889 75 951 109 PH
957 73 1089 108 RYGH

220 172 410 214 Achilles
442 175 490 212 ut
520 171 722 225 respexit,
755 170 962 212 substitit:
995 174 1140 211 curato
1174 170 1343 210 vulnere
1378 172 1421 210 et
1452 169 1527 210 ali-

222 231 422 286 quamdiu
455 230 686 284 proeliatus
717 229 988 270 Memnonem
1021 229 1166 269 multis
1203 228 1341 283 plagis
1374 228 1527 269 occidit

221 293 264 331 et
303 291 394 344 ipse
434 289 681 330 vulneratus
714 289 767 329 ab
800 302 848 329 eo
890 301 940 328 ex
972 287 1132 341 proelio
1164 287 1350 328 recessit.
1410 290 1527 340 post-

222 363 349 404 quam
387 347 613 389 Persarum
652 347 801 388 ductor
838 346 999 387 occisus
1031 349 1113 399 est,
1150 345 1301 400 reliqui
1332 345 1377 385 in
1409 345 1527 398 oppi-

222 408 322 448 dum
361 406 661 460 confugerunt,
698 407 845 459 portas
878 405 1130 445 clauserunt.
1191 418 1276 444 nox
1319 403 1527 457 proelium

221 465 392 507 dirimit.
459 466 631 518 postera
667 464 733 504 die
772 478 797 504 a
832 462 1002 504 Priamo
1043 462 1173 517 legati
1215 462 1267 503 ad
1298 461 1526 516 Agamem-

220 538 377 575 nonem
409 523 529 564 missi
568 525 669 564 sunt
706 522 778 577 qui
810 522 971 563 dierum
998 521 1079 563 XX
1111 521 1297 562 indutias
1323 522 1528 574 peterent,

222 583 335 638 quod
367 582 569 624 continuo
595 580 895 636 Agamemnon
920 580 1122 622 concedit.
1171 579 1365 620 Priamus
1397 578 1528 633 igitur

223 642 413 683 Troilum
427 640 782 694 Memnonemque
796 639 1022 694 magnifico
1036 638 1182 679 funere
1197 638 1334 678 effert:
1349 639 1526 679 ceteros-

224 714 304 755 que
336 700 492 740 milites
524 699 693 752 utrique
726 698 989 752 sepeliendos
1025 699 1186 737 curant.

339 757 541 800 XXXIV.
611 756 789 798 Hecuba
829 758 1008 809 maesta,
1050 754 1162 809 quod
1203 754 1285 795 duo
1323 753 1401 794 filii
1439 753 1529 794 eius
1560 760 1563 761 ⁷

221 817 445 858 fortissimi
493 815 653 856 Hector
703 818 744 855 et
787 815 954 856 Troilus
1005 814 1058 854 ab
1102 812 1268 854 Achille
1317 811 1530 853 interfecti

221 878 380 929 essent⁷
426 874 650 924 consilium
687 873 892 914 muliebre
930 872 1201 913 temerarium
1239 871 1336 911 iniit
1375 870 1427 911 ad
1460 870 1529 910 vul—

222 934 463 976 ciscendum
496 933 695 974 dolorem.
744 931 1035 973 Alexandrum
1067 930 1200 971 filium
1233 929 1406 971 arcessit
1437 931 1531 969 orat

221 993 434 1046 hortatur,
477 994 525 1032 ut
569 1005 612 1032 se
656 993 699 1032 et
735 991 888 1031 fratres
927 1004 1025 1031 suos
1065 989 1315 1042 vindicaret7
1353 987 1533 1028 insidias

220 1051 380 1094 Achilli
410 1052 568 1092 faceret
599 1052 641 1090 et
672 1063 767 1090 eum
798 1063 876 1090 nec
908 1049 1155 1102 opinantem
1185 1047 1364 1099 occidat,
1397 1060 1530 1101 quon-

220 1111 305 1152 iam
346 1110 398 1151 ad
436 1124 479 1151 se
518 1108 683 1149 miserit
721 1110 763 1148 et
799 1107 1031 1162 rogaverit,
1074 1109 1122 1147 ut
1160 1105 1240 1147 sibi
1270 1104 1529 1159 Polyxenam

222 1170 341 1210 daret
372 1169 417 1209 in
448 1166 789 1209 matrimonium:
827 1180 869 1206 se
902 1166 955 1206 ad
986 1179 1082 1206 eum
1113 1165 1340 1205 missuram
1370 1162 1530 1204 Priami

220 1228 379 1281 verbis,
410 1240 558 1281 pacem
586 1226 697 1266 inter
730 1239 772 1266 se
804 1224 1036 1278 foedusque
1066 1223 1237 1264 firment
1267 1221 1531 1263 constituant

223 1287 267 1328 in
293 1287 394 1327 fano
426 1283 946 1339 Apollinis-Thymbraei,
979 1281 1091 1337 quod
1124 1284 1187 1322 est
1219 1284 1317 1322 ante
1342 1282 1530 1334 portam:

223 1360 271 1387 eo
311 1344 522 1386 Achillem
557 1345 801 1396 venturum,
840 1342 1160 1383 conlocuturum
1198 1339 1340 1394 ibique
1385 1338 1428 1379 'se
1466 1338 1533 1379 illa·

220 1533 271 1567 Ut
295 1532 458 1576 respexit
483 1542 567 1566 eum
592 1530 682 1565 Ach.
703 1530 871 1575 uiditque
898 1541 980 1564 eum
1006 1528 1145 1563 instare
1171 1529 1208 1562 et
1231 1526 1367 1562 laetari
1391 1526 1534 1561 restitit

221 1582 461 1623 curatamque
492 1580 578 1623 post
608 1577 760 1612 uulnere
793 1576 1023 1621 aliquamdiu
1053 1575 1256 1620 proeliatus
1288 1576 1345 1609 est
1379 1573 1413 1608 G
1509 1577 1529 1608 3

221 1627 268 1660 ab
296 1637 339 1661 eo
363 1626 421 1660 bis
448 1636 491 1660 ex
518 1624 552 1659 G
580 1626 583 1667 }
611 1624 724 1659 rediit
749 1624 783 1659 G
878 1628 900 1658 4
933 1624 1006 1658 dux
1040 1632 1231 1667 persarum
1258 1621 1291 1656 G
1313 1624 1317 1663 Ι
1339 1630 1530 1665 pergame-

220 1684 352 1708 norum
384 1683 499 1707 exerc.
530 1671 634 1705 fusus
666 1673 723 1705 est
754 1672 837 1706 add.
871 1671 904 1705 G
929 1673 1014 1715 post
1045 1671 1102 1704 est
1203 1673 1222 1702 5
1253 1668 1431 1713 fugerunt
1467 1666 1528 1712 Gi

220 1722 347 1765 portas
367 1719 580 1754 clauserunt
598 1728 664 1752 om.
684 1718 718 1751 L
741 1720 744 1761 Ι
766 1730 820 1762 pr.
841 1730 873 1752 n.
897 1717 964 1751 dir.
978 1717 1012 1750 L
1079 1720 1099 1751 6
1120 1714 1253 1750 clausis
1266 1713 1384 1759 portis
1398 1714 1483 1748 add.
1496 1712 1532 1747 L

214 1771 299 1811 post
325 1766 468 1801 dirimit
565 1769 583 1799 7
610 1766 653 1798 ut
677 1764 752 1799 ind.
778 1764 953 1799 facerent.
981 1774 1039 1808 ag.
1066 1774 1110 1797 ex
1143 1761 1297 1797 consilio
1324 1760 1530 1796 sententiae

220 1814 258 1848 in
280 1813 357 1848 dies
371 1813 474 1848 XXX
493 1811 660 1847 inducias
680 1811 771 1846 facit
791 1811 824 1846 G
909 1815 928 1846 8
948 1810 1064 1856 igitur
1077 1820 1142 1844 orm.
1159 1808 1192 1844 G
1258 1813 1278 1843 9
1300 1818 1370 1852 que
1386 1818 1452 1842 om.
1468 1807 1501 1841 G
1523 1806 1527 1852 Ι

220 1872 344 1906 magn.
381 1860 488 1894 effert
516 1859 655 1893 honore
690 1858 828 1893 funeris
856 1857 889 1893 G
993 1861 1035 1892 10
1067 1858 1223 1900 uterque
1253 1854 1287 1890 G
1383 1858 1425 1888 13
1451 1865 1529 1887 mu-

218 1907 336 1942 liebre
362 1909 400 1941 et
420 1907 453 1941 G
476 1908 479 1950 ξ
501 1905 588 1941 iniit
607 1916 672 1939 om.
694 1905 726 1940 G
750 1908 753 1949 1
777 1905 823 1940 ad
850 1905 883 1940 d.
905 1916 1010 1939 suum
1029 1904 1099 1938 ulo.
1122 1903 1155 1938 G
1252 1906 1296 1936 14
1322 1901 1447 1936 dolore
1466 1900 1500 1934 L
1523 1900 1527 1945 1

221 1953 379 1988 arcescit
410 1954 444 1987 L
549 1956 590 1986 15
622 1952 756 1987 fratres
788 1963 853 1987 om.
884 1952 917 1986 G
945 1953 948 1996 Ι
976 1949 1199 1995 uindicaret]
1226 1948 1465 1983 ulcisceretur
1496 1947 1531 1982 G

223 2005 266 2036 16
291 2000 457 2035 facerent
483 1999 517 2034 G
615 2003 656 2033 17
689 1999 843 2034 miserat
874 2001 912 2034 et
941 1999 1141 2043 rogauerat
1165 1996 1216 2031 L¹
1241 2006 1332 2030 corr.
1362 2006 1386 2029 a
1404 1994 1532 2038 prima

219 2059 332 2082 manu
356 2049 359 2090 Ι
381 2047 555 2092 polixena
580 2045 619 2079 in
644 2046 922 2081 matrimonium
949 2045 1099 2079 daretur
1124 2043 1158 2079 G
1256 2047 1298 2077 18
1324 2053 1361 2077 se
1384 2041 1446 2086 ad]
1468 2040 1530 2075 sed

221 2095 255 2130 G
277 2097 281 2137 Ι
304 2105 386 2129 eam
413 2093 445 2129 G
543 2097 585 2127 19
612 2091 775 2138 firment]
805 2092 971 2127 facerent
997 2091 1030 2126 G
1058 2094 1062 2134 Ι
1090 2089 1330 2126 Constituunt
1355 2087 1389 2122 G
1485 2091 1530 2121 20

220 2142 349 2176 fanum
368 2141 401 2174 L
425 2147 427 2185 Ι
449 2139 587 2185 tyberii
607 2138 641 2173 G
726 2143 768 2174 21
791 2139 849 2185 eo]
872 2141 910 2174 et
929 2139 962 2174 G
984 2139 989 2182 1
1011 2137 1321 2181 conloquuturum
1341 2135 1375 2168 L
1418 2133 1531 2168 collo-

568 2193 605 2211 ue

222 2225 392 2258 catarum
419 2222 451 2258 G
474 2225 478 2266 l
499 2194 593 2278 ibici-se
620 2219 691 2256 sibi
717 2221 784 2256 ins.
813 2220 995 2256 collocare
1024 2219 1058 2253 L
1108 2218 1178 2253 sibi
1203 2217 1270 2252 ins.
1298 2216 1332 2251 ei
1355 2214 1533 2252 collocari

223 2281 275 2324 G,
307 2286 468 2316 nostrum
492 2292 508 2316 e
534 2282 748 2316 coniectura.
