1607 2536
135 87 343 122 DARETIS
359 86 561 121 PHRYGII
574 86 637 120 DE
653 86 852 122 EXCIDIO
868 87 1048 122 TROIAE
1065 88 1304 122 HISTORIA.
1359 89 1384 129 3

68 182 347 224 architectum
384 181 525 223 vocari
562 181 687 223 iussit
727 185 769 223 et
807 183 844 224 ei
882 183 1124 237 imperavit,
1156 186 1204 223 ut
1240 184 1384 224 navim

68 241 311 282 aedificaret
342 255 469 295 quam
495 240 824 294 pulcherrimam
845 241 897 282 ad
918 242 1182 283 voluntatem
1204 241 1384 283 Iasonis.

68 313 144 353 per
174 301 311 340 totam
338 298 559 340 Graeciam
590 313 736 341 rumor
767 300 951 342 cucurrit
982 300 1126 341 navim
1159 299 1385 353 aedificari,

68 358 114 398 in
153 372 236 412 qua
273 357 454 400 Colchos
493 359 564 399 eat
603 357 732 399 Iason
776 359 931 412 pellem
976 373 1147 400 auream
1191 359 1384 412 petitum.

68 416 194 457 amici
220 419 263 457 et
293 416 483 470 hospites
516 415 569 457 ad
595 415 792 458 Iasonem
822 420 1030 458 venerunt
1055 420 1097 458 et
1128 417 1383 471 pollicentur
1405 428 1420 451 5

70 489 113 515 se
143 489 230 516 una
255 475 402 516 ituros,
452 474 582 516 Iason
612 475 697 516 illis
730 475 891 530 gratias
925 476 1013 530 egit
1045 478 1087 517 et
1118 475 1304 530 rogavit,
1337 479 1384 517 ut

67 533 207 587 parati
233 535 375 574 essent
401 547 496 574 cum
515 535 684 587 tempus
707 534 1038 588 supervenisset:
1072 534 1235 575 interea
1260 534 1382 575 navis

66 591 313 633 aedificatur
343 594 386 633 et
416 606 513 633 cum
544 594 713 646 tempus
746 592 848 634 anni
880 592 1214 646 supervenisset,
1252 592 1382 634 Iason

67 650 231 692 litteras
259 650 313 691 ad
338 664 409 692 eos
441 650 575 704 misit,
608 650 680 705 qui
706 654 829 692 erant
859 651 1038 704 polliciti
1065 665 1155 692 sese
1183 665 1269 692 una
1300 652 1381 692 itu-

65 723 136 750 ros
169 712 212 750 et
240 709 337 750 ilico
363 712 653 750 convenerunt
679 709 731 750 ad
757 723 927 762 navem,
959 710 1079 751 cuius
1105 723 1264 751 nomen
1291 712 1383 750 erat
1405 722 1437 744 1⁴>

66 768 196 822 Argo.
257 767 396 808 Pelias
433 781 506 808 rex
538 782 644 822 quae
683 782 788 822 opus
822 771 944 809 erant
978 768 1025 809 in
1056 768 1201 809 navim
1232 768 1383 822 inponi

66 826 190 867 iussit
227 828 269 867 et
305 825 500 867 hortatus
538 829 604 867 est
640 826 839 868 Iasonem
877 829 920 868 et
957 827 1028 881 qui
1067 840 1161 867 cum
1195 840 1247 868 eo
1285 841 1382 880 pro-

65 884 217 925 fecturi
248 887 388 937 erant,
425 887 473 926 ut
509 884 652 926 animo
690 885 791 926 forti
823 884 876 926 ad
914 885 1215 938 perficiendum
1258 885 1382 937 irent,

67 943 182 997 quod-
216 943 358 985 conati
395 946 549 984 essent.
622 957 671 984 ea
714 958 780 984 res
819 943 1056 984 claritatem
1097 942 1300 985 Graeciae
1340 947 1383 984 et

66 1001 171 1055 ipsis
209 1001 374 1043 factura
416 1001 650 1043 videbatur.
725 1001 1016 1043 demonstrare
1055 1015 1126 1043 eos
1176 1002 1246 1056 qui
1287 1016 1383 1043 cuni
1407 1012 1438 1036 15

67 1059 220 1101 Iasone
258 1059 438 1114 profecti
470 1062 570 1101 sunt
606 1074 696 1102 non
733 1060 898 1101 videtur
929 1063 1125 1102 nostrum
1158 1074 1268 1101 esse:
1313 1060 1385 1102 sed

67 1118 140 1173 qui
171 1118 320 1160 volunt
351 1132 423 1160 eos
456 1131 729 1173 cognoscere,
761 1118 1037 1174 Argonautas
1069 1119 1227 1174 legant.

184 1177 240 1218 II.
300 1177 431 1218 Iason
467 1178 542 1218 nbi
580 1177 632 1218 ad
669 1177 903 1232 Phrygiam
941 1178 1076 1230 venit,
1120 1177 1266 1218 navim
1313 1177 1383 1218 ad-

67 1235 202 1277 movit
239 1235 292 1276 ad
330 1238 501 1290 portum
540 1234 778 1277 Simoenta:
823 1235 973 1277 deinde
1013 1249 1160 1277 omnes
1199 1235 1249 1277 de
1282 1237 1382 1277 navi

67 1294 262 1335 exierunt
299 1294 345 1335 in
381 1296 551 1335 terram.
604 1293 886 1336 Laomedonti
908 1294 999 1349 regi
1042 1294 1288 1336 nuntiatum
1320 1299 1385 1335 est
1406 1305 1439 1328 20

67 1352 306 1394 mirandam
337 1352 481 1394 navim
519 1353 565 1394 in
596 1355 768 1407 portum
801 1351 1021 1394 Simoenta
1052 1353 1235 1394 intrasse
1268 1356 1309 1394 et
1341 1353 1386 1394 in

68 1425 118 1452 ea
149 1411 307 1453 multos
345 1411 518 1453 iuvenes
556 1411 607 1452 de
645 1410 823 1453 Graecia
868 1411 1046 1452 venisse.
1113 1411 1187 1452 ubi
1225 1411 1387 1452 audivit

67 1469 314 1511 Laomedon
339 1484 430 1523 rex,
462 1472 698 1512 commotus
725 1473 811 1511 est:
849 1469 1134 1511 consideravit
1160 1483 1385 1511 commune

67 1528 302 1582 periculum
340 1542 449 1582 esse,
494 1528 529 1569 si
573 1531 900 1570 consuescerent
938 1527 1089 1569 Graeci
1127 1527 1180 1569 ad
1223 1542 1298 1569 sua
1337 1528 1384 1569 li-

66 1589 162 1628 tora
187 1586 416 1628 adventare
443 1587 635 1628 navibus.
674 1587 807 1628 mittit
833 1586 886 1628 ad
912 1589 1102 1641 portum,
1130 1586 1202 1641 qui
1229 1586 1383 1638 dicant,
1405 1595 1438 1620 2¹21

66 1648 116 1686 ut
135 1644 287 1687 Graeci
307 1645 357 1686 de
376 1645 532 1687 finibus
553 1645 775 1698 excedant,
802 1645 944 1697 sinon
965 1645 1077 1686 dicto
1099 1644 1387 1697 obaudissent,

68 1718 159 1745 sese
198 1704 327 1745 armis
366 1718 437 1746 eos
476 1703 527 1745 de
564 1704 720 1745 finibus
759 1704 1003 1745 eiecturum.
1066 1703 1193 1745 Iason
1232 1704 1388 1758 etqui

165 1823 181 1854 1
211 1819 371 1863 imperat
398 1819 446 1853 M
541 1823 560 1853 2
588 1819 783 1863 pulchram
816 1818 865 1853 M
959 1822 981 1852 4
1014 1820 1095 1853 erat
1124 1818 1172 1852 M
1192 1821 1195 1860 ξ
1219 1818 1324 1853 iason
1350 1829 1384 1862 p.

70 1876 148 1900 aur.
175 1876 240 1900 om..
270 1866 319 1900 M
343 1868 349 1909 Ι
379 1866 564 1911 petiturus
594 1866 642 1900 M
738 1869 756 1899 7
785 1865 928 1900 ueniret
956 1864 1005 1899 M
1024 1867 1027 1906 i
1051 1865 1386 1909 interea—super-

69 1912 234 1948 uenisset
257 1923 322 1948 om.
347 1913 396 1947 M
479 1917 499 1948 9
526 1923 604 1947 sese
631 1922 696 1947 om.
719 1912 752 1947 G
841 1915 882 1947 10
902 1911 1029 1946 nanim
1050 1910 1083 1945 G
1171 1915 1210 1946 11
1239 1910 1386 1946 fuerant

71 1959 121 1993 M
127 1958 160 1994 G
209 1959 359 1994 fuerunt
393 1956 450 1993 M'
501 1960 608 1994 erant
633 1958 695 2001 F}
720 1958 807 1993 naui
836 1958 870 1994 G
967 1961 1010 1993 12
1043 1957 1200 2002 profecti
1227 1960 1313 1993 suut
1341 1957 1390 1991 M

68 2005 273 2050 profecturi
292 2007 416 2041 essent
435 2005 468 2040 G
518 2005 721 2050 profecturi
741 2006 848 2040 erant
867 2004 912 2040 H
959 2008 1002 2039 14
1028 2015 1124 2049 quae
1145 2004 1179 2040 G
1228 2015 1301 2049 quo
1330 2004 1386 2046 Μ,

68 2053 166 2088 unde
190 2053 322 2097 scripsi
347 2052 447 2096 quod
471 2053 475 2096 Ι
498 2052 642 2098 gratiae
670 2052 703 2087 G
752 2051 872 2098 grecis
901 2051 950 2086 M
1048 2056 1088 2086 15
1116 2051 1182 2086 hos
1209 2051 1242 2086 G
1343 2055 1385 2085 18

69 2099 189 2144 Igitur
213 2099 323 2135 Iason
349 2099 383 2134 G
482 2103 524 2134 19
557 2099 759 2144 symoentis
794 2099 859 2142 M,
890 2099 970 2134 item
1001 2099 1102 2141 infra
1202 2102 1244 2132 ‘22
1277 2098 1386 2133 adue-

70 2147 150 2181 ctos
176 2156 255 2181 esse
287 2146 333 2181 de
358 2145 484 2192 grecia
509 2145 543 2181 G
640 2149 684 2180 23
712 2148 768 2181 est
793 2148 831 2181 et
857 2145 889 2180 G
986 2149 1031 2180 24
1059 2145 1106 2180 ad
1126 2165 1168 2170 —
1185 2144 1387 2180 aduentare

69 2201 136 2227 om.
158 2192 209 2227 M
227 2192 232 2238 Ι
255 2193 412 2228 nauibus
433 2193 635 2228 aduentare
656 2192 690 2228 G
710 2193 920 2237 transposui
1016 2196 1061 2226 ‘25
1082 2191 1238 2226 nauibus
1263 2191 1319 2226 uti
1343 2191 1391 2225 JI

70 2242 117 2273 2ss
137 2238 328 2274 discedant
359 2239 404 2275 de
436 2239 460 2275 f.
488 2239 565 2275 eius
592 2239 625 2274 G
653 2242 657 2282 Ι
686 2239 743 2274 sin
783 2239 883 2274 dicto
916 2249 989 2274 non
1023 2238 1245 2273 Dede-riclam
1344 2241 1388 2272 :37

70 2286 151 2319 tum
177 2285 261 2321 add.
288 2286 322 2321 G
349 2289 432 2321 ante
457 2297 535 2322 sese
558 2288 562 2328 Ι
585 2297 647 2322 eos
673 2296 737 2321 om.
770 2286 823 2320 M.

1133 2345 1175 2377 ¹*
