1607 2536
427 125 582 160 INDEX
607 124 844 160 NOMINUM
868 125 932 159 ET
958 125 1138 159 RERUM.

130 220 329 256 Diomedes
377 231 441 255 rex
484 219 626 264 Mysiae
672 219 767 253 Teu-

179 269 323 303 thranti
358 278 514 313 regnum
551 266 684 310 tradit,
720 266 767 300 ab

178 315 336 350 Hercule
360 314 580 349 interficitur
605 318 666 356 21,
687 318 708 348 8

131 361 263 398 Diores
308 366 367 406 17,
408 365 450 396 19
517 362 565 395 ab
608 361 767 395 Hectore

178 409 395 444 interfectus
422 412 482 452 26,
506 413 548 443 19

130 457 253 492 Dolon
286 457 397 491 noctu
429 455 565 501 legatis
596 455 696 490 Ulixi
731 456 768 489 et

177 503 350 538 Diomedi
364 503 524 538 occurrit
543 506 598 546 27,
616 507 658 538 18
685 512 768 537 con-

177 551 278 585 iurat
321 550 368 584 ad
413 549 576 594 patriam
612 549 768 594 proden-

179 598 266 632 dam
291 601 353 641 47,
374 601 397 631 4
712 610 715 611 ⁷

131 645 342 689 Elephenor
376 644 423 679 ab
456 644 615 679 Hectore
655 643 768 678 inter-

178 693 297 727 fectus
323 695 384 736 26,
408 695 450 725 19

130 739 210 774 Elis
238 743 298 783 18,
321 743 363 773 15

131 785 378 831 Epistrophus
399 796 442 820 ex
456 784 627 819 Alizonia
640 784 767 819 Troia-

179 844 311 868 norum
336 832 410 867 dux
436 836 498 875 23,
520 836 540 867 5

131 879 378 924 Epistrophus
398 890 443 914 ex
456 879 619 914 Phocide
642 883 700 921 17,
725 883 767 914 16

180 927 226 961 ab
241 927 400 961 Hectore
413 926 630 961 interfectus
651 930 707 969 26,
724 930 767 960 18

132 974 219 1018 equi
244 974 358 1019 caput
383 974 571 1018 sculptum
595 973 633 1008 in
658 974 769 1018 porta

180 1021 296 1055 Scaea
321 1024 383 1064 49,
404 1025 424 1055 2

131 1068 308 1103 Eumelus
334 1079 378 1102 ex
402 1067 532 1102 Pheris
560 1071 621 1111 18,
642 1071 662 1102 8

130 1115 345 1160 Euphemus
389 1125 408 1149 e
447 1113 598 1149 Ciconia
641 1114 768 1149 Troia-

179 1173 309 1197 norum
323 1161 397 1196 dux
412 1165 467 1205 22,
484 1165 527 1196 18
554 1162 601 1196 ab
621 1161 767 1196 Achille

179 1209 361 1244 occiditur
386 1212 448 1252 26,
468 1212 510 1242 21

131 1255 353 1300 Euphorbus
378 1257 486 1300 pater
504 1255 642 1289 Panthi
664 1256 768 1290 vates

179 1302 422 1337 Troianorum
450 1306 510 1345 10,
533 1306 575 1337 16

131 1349 282 1394 Europa
341 1349 537 1384 bellicosos
599 1349 768 1384 homines

178 1397 294 1432 habet
324 1400 362 1437 8,
384 1400 426 1430 21

131 1443 316 1488 Euryalus
338 1447 392 1486 13,
407 1447 452 1478 20
479 1453 523 1477 ex
536 1443 646 1488 Argis
658 1443 768 1479 Grae-

180 1501 305 1525 corum
331 1490 405 1524 dux
434 1493 493 1533 19,
516 1494 533 1524 1

131 1537 343 1582 Eurypylus
375 1548 419 1571 ex
453 1536 625 1572 Ormenio
659 1537 769 1572 Grae-

179 1595 305 1618 corum
331 1584 405 1618 dux
432 1587 494 1627 18,
515 1588 559 1618 14

132 1629 294 1665 Glaucus
327 1642 346 1666 e
379 1630 494 1675 Lycia
525 1631 769 1666 Troianorum

179 1677 253 1712 dux
280 1681 342 1720 22,
367 1682 406 1712 17

132 1723 264 1759 Graeci
283 1725 421 1760 bellum
444 1726 574 1759 contra
590 1725 769 1760 Troianos

178 1771 381 1806 decernunt
417 1775 476 1815 13,
509 1776 550 1806 19
603 1772 768 1807 Athenas

179 1818 405 1853 conveniunt
443 1822 503 1862 17,
539 1823 579 1853 11
634 1819 768 1854 Aulide

179 1864 345 1908 solvunt,
391 1865 565 1900 Tenedon
614 1867 770 1901 veniunt

179 1916 242 1955 20,
271 1916 314 1946 14
351 1912 502 1946 Troiam
528 1913 769 1957 appelluntur

180 1962 240 2002 24,
275 1963 295 1994 8
345 1961 464 1994 castra
501 1960 675 1994 muniunt
711 1964 767 2003 32,

181 2010 223 2040 17
263 2006 376 2040 Troia
401 2007 512 2051 capta
536 2006 768 2051 tempestati-

177 2053 247 2087 bus
261 2052 470 2088 retinentur
484 2057 538 2097 51,
554 2057 573 2087 3
595 2054 768 2088 numerus

179 2099 383 2135 occisorum
410 2103 471 2142 52,
492 2104 512 2135 8

132 2144 280 2182 Guneus
312 2158 355 2182 ex
387 2146 515 2192 Cypho
544 2146 766 2182 Graecorum

179 2193 252 2227 dux
280 2198 339 2237 19,
361 2198 381 2229 3

130 2239 269 2275 Hector
290 2240 387 2276 filius
405 2241 543 2276 Priami
564 2245 600 2285 6,
622 2246 642 2276 3
670 2246 702 2285 8,
724 2246 767 2277 15

180 2286 402 2322 describitur
424 2292 484 2332 15,
508 2293 524 2323 1
564 2288 768 2334 imperator

180 2333 362 2369 exercit-us
394 2335 638 2370 Troianorum
664 2340 726 2378 23,
748 2341 766 2370 7

1384 125 1440 166 63

851 219 1099 254 Protesilaum
1117 219 1294 254 interficit
1321 224 1375 263 24,
1399 224 1442 255 10

850 266 1064 301 Patroclum
1095 266 1299 302 Merionem
1330 267 1441 302 inter-

852 313 946 356 ficit,
979 324 1002 348 a
1031 313 1247 348 Menestheo
1273 315 1440 349 vulnera-

852 361 913 394 tur
924 364 980 404 24,
992 364 1035 395 23
1050 361 1203 395 Boetem
1211 361 1442 396 Arcesilaum

851 406 1142 443 Prothoenorem
1161 408 1298 443 occidit
1320 412 1376 451 25,
1397 413 1441 444 26

852 454 943 489 item
979 454 1279 500 [Orcomeneum]
1312 456 1444 490 Ialme-

852 513 941 535 num
954 501 1223 547 Epistrophum
1244 502 1443 537 Schedium

851 548 1124 593 Elephenorem
1155 549 1305 584 Diorem
1333 550 1442 594 Poly-

852 606 988 630 xenum
1026 600 1087 640 26,
1113 600 1155 631 18
1213 596 1442 642 Phidippum

853 644 891 676 et
920 643 1129 688 Antiphum
1161 647 1222 685 28,
1245 648 1288 678 10
1334 644 1443 688 Poly-

853 691 1001 734 poetem
1038 694 1101 732 30,
1134 694 1154 724 5
1204 690 1442 726 Idomeneum

856 737 1057 772 Leonteum
1095 736 1312 772 Sthenelum
1343 738 1444 783 Iphi-

852 795 966 818 noum
990 784 1174 819 -vulnerat
1212 788 1272 829 29,
1303 789 1345 820 21
1395 785 1442 820 ab

851 831 998 866 Achille
1042 831 1262 866 interficitur
1305 836 1367 876 30,
1400 837 1445 867 10

853 878 1067 913 solemniter
1107 878 1287 923 sepelitur
1325 884 1387 921 31,
1424 885 1440 914 1

853 925 901 959 ad
926 925 1003 960 eius
1031 925 1265 969 sepulchrum
1292 926 1446 961 Troiani

853 983 936 1006 cum
968 972 1057 1007 anni
1091 972 1169 1007 dies
1204 974 1301 1008 esset
1335 973 1443 1018 profi-

853 1019 1041 1053 ciscuntur
1066 1023 1128 1061 32,
1150 1023 1193 1053 22

803 1066 958 1101 Hecuba
983 1077 1074 1101 uxor
1099 1066 1238 1101 Priami
1265 1071 1302 1111 6,
1324 1071 1344 1102 3
1383 1067 1447 1102 de-

852 1113 1026 1148 scribitur
1054 1118 1113 1156 15,
1137 1117 1180 1147 14
1226 1113 1364 1148 Achilli
1388 1114 1443 1149 in-

853 1159 966 1195 sidias
1009 1162 1120 1204 parat
1160 1164 1221 1204 40,
1257 1165 1297 1195 13
1360 1172 1443 1196 cum

852 1207 1043 1252 Polyxena
1073 1207 1172 1253 fugit
1205 1212 1267 1251 49,
1297 1213 1338 1243 19
1388 1220 1444 1242 ro-

853 1255 945 1299 gatu
964 1254 1097 1289 Heleni
1116 1254 1330 1290 libertatem
1351 1255 1445 1290 acci-

853 1302 911 1346 pit
936 1305 997 1344 50,
1019 1305 1063 1336 20
1090 1301 1203 1336 Troia
1223 1303 1335 1347 capta
1360 1313 1444 1336 cum

852 1348 995 1383 Heleno
1023 1347 1317 1384 Chen-mensum
1348 1350 1445 1394 petit

855 1399 916 1438 52,
939 1399 956 1429 1

806 1442 947 1477 Helaea
972 1442 1150 1487 oppidum
1176 1443 1214 1477 in
1234 1443 1357 1478 insula
1377 1442 1445 1488 Cy-

854 1490 984 1525 therea
1011 1494 1071 1533 12,
1095 1494 1134 1524 11

806 1536 950 1572 Helena
980 1537 1027 1571 ab
1053 1537 1264 1572 Alexandro
1291 1548 1364 1572 non
1390 1537 1445 1572 in-

853 1584 933 1619 vita
958 1584 1101 1628 rapitur
1129 1589 1183 1628 12,
1202 1589 1244 1618 23
1272 1585 1445 1619 describi-

853 1632 913 1666 tur
926 1636 980 1674 14,
992 1636 1033 1665 15
1047 1631 1248 1666 honorifice
1260 1633 1445 1666 tractatur

854 1689 927 1713 non
948 1678 1066 1713 solum
1087 1678 1134 1712 ab
1148 1678 1360 1713 Alexandro
1381 1679 1444 1713 sed

854 1726 967 1760 etiam
1001 1736 1022 1759 a
1053 1724 1201 1760 Priamo
1230 1727 1268 1760 et
1292 1726 1446 1760 Hecuba

854 1776 918 1816 43,
952 1778 994 1807 10
1046 1783 1128 1806 eum
1168 1784 1234 1807 suo
1274 1773 1444 1807 Menelao

855 1819 1004 1854 domum
1029 1820 1242 1863 reportatur
1269 1823 1309 1853 51
1324 1847 1332 1862 ,
1354 1823 1398 1853 20

806 1866 968 1901 Helenus
1018 1865 1157 1900 Priami
1207 1866 1304 1900 filius
1354 1871 1392 1908 6,
1425 1871 1446 1901 4

854 1913 987 1948 Troiae
1008 1913 1200 1947 interitum
1218 1913 1445 1948 vaticinatur

855 1966 886 2003 9,
903 1964 946 1995 16
972 1959 1195 1994 describitur
1217 1965 1271 2003 15,
1290 1964 1311 1994 4
1336 1961 1444 1995 liber-

852 2009 931 2042 tate
952 2007 1122 2051 donatur,
1147 2018 1214 2052 pro
1234 2007 1388 2042 Hecuba
1408 2010 1446 2042 et

853 2054 1114 2089 Andromacha
1142 2054 1362 2098 depreeatur
1389 2059 1444 2098 50,

855 2106 896 2136 17
912 2101 1445 2145 TroiacaptaCherronensum

852 2148 950 2193 petit
975 2152 1036 2192 51,
1058 2153 1099 2183 21
1146 2148 1255 2183 multi
1281 2160 1364 2183 eum
1391 2159 1444 2184 se-

853 2196 1018 2240 quuntur
1043 2199 1104 2238 52,
1129 2200 1170 2230 14

806 2242 980 2277 Hercules
1012 2244 1119 2286 pater
1145 2242 1300 2287 Telephi
1333 2247 1394 2284 21,
1423 2247 1443 2277 6

853 2289 1143 2324 Laomedontem
1179 2291 1216 2324 et
1244 2289 1322 2324 eius
1348 2289 1445 2324 filios

853 2336 1030 2371 interficit
1056 2341 1097 2380 5,
1118 2341 1160 2370 15
