1607 2536
629 101 960 138 PRAEFATIO.
1379 115 1446 144 VH

334 198 483 242 ITEM
513 198 592 240 DE
624 198 788 241 ENEA
817 198 893 241 ET
925 197 1243 241 ANTENORE

133 277 163 317 Ρ
252 320 367 375 gitur
404 332 556 360 aeneas
596 332 691 359 cum
724 317 860 359 adhuc
893 317 1006 372 apud
1024 317 1180 358 troiam
1210 319 1311 371 post
1351 331 1447 370 pro·

128 379 361 421 sectionem
409 380 601 419 maneret
651 391 873 432 grecorum
922 379 1096 418 cunctos
1147 391 1198 417 ex
1248 375 1448 417 archadia

133 440 260 493 atque
292 452 342 479 ex
372 437 566 491 proxima
584 451 720 491 poene
752 436 895 477 insula
926 435 1155 477 sollicitare
1176 435 1326 489 coepit.
1349 434 1447 475 adit.

129 499 238 539 orat.
269 497 333 537 uti
365 510 507 537 secum
540 498 788 537 antenorem
820 497 1032 536 exuerent.
1054 496 1160 536 etse
1191 495 1237 535 in
1267 507 1448 549 regnum

130 556 212 597 sub
232 555 448 609 limarent3
498 554 559 596 At
600 557 829 609 postquam
873 554 923 594 de
965 568 1008 595 50
1049 568 1250 608 peruerso
1296 552 1447 593 nuntio

134 617 314 656 antenor
357 614 529 655 audiuit.
573 613 815 668 regrediens
875 612 928 654 ad
976 613 1132 654 troiam
1169 613 1214 653 in
1263 611 1449 666 perfecto

135 673 314 729 negocio
370 673 494 714 facile
544 673 775 714 cohibetur.
826 674 868 713 01
923 672 1141 726 prohibet,
1212 671 1280 712 Ita
1323 685 1449 712 eneas

136 735 307 774 coactus
340 747 435 774 cum
456 731 573 773 omni
591 731 851 787 patrimonio
873 731 1010 772 atroia
1027 730 1217 786 nauigat.
1249 730 1450 784 uenitque

136 792 190 832 ad
221 805 337 832 mare
370 790 567 845 atricum3
606 790 764 832 Multas
796 790 969 831 interim
1002 792 1150 845 gentes
1183 791 1451 843 praeuentas.

135 850 198 891 ibi
241 865 337 891 cum
368 850 436 891 his
469 850 541 904 qui
574 865 716 892 secum
748 853 814 891 etc.

669 937 750 974 octo
782 945 919 974 versus

193 990 319 1032 Nunc
350 990 534 1032 reditum
565 993 810 1032 nostrorum
841 1005 1016 1032 narrare
1048 991 1168 1032 libet:

313 1060 391 1102 DE
424 1060 646 1103 REDITU
678 1060 998 1103 GRECORVM
1028 1062 1068 1102 A
1099 1060 1277 1102 TROIA

135 1120 275 1176 Igitur
303 1123 533 1175 postquam
563 1121 762 1175 inpositis
794 1121 957 1162 cunctis

521 1181 692 1234 triymta
722 1184 897 1233 quatuor
926 1192 1064 1221 versus

135 1253 273 1293 neque
303 1241 450 1280 tamen
480 1239 694 1280 inualidus
726 1240 881 1280 uirium

186 1298 257 1339 Ex
283 1297 439 1340 PLICIT
465 1297 544 1339 DE
557 1297 778 1339 REDITV
811 1296 1131 1340 GRECORVM
1163 1298 1203 1338 A
1234 1295 1410 1338 TROIA

258 1380 537 1422 Manifestum
570 1384 636 1422 est
668 1381 994 1435 epitomatorem
1026 1380 1239 1435 quendam
1269 1380 1375 1421 haec
1408 1393 1459 1420 ex

140 1439 294 1494 Dictye
313 1439 355 1481 V
377 1441 428 1481 17
451 1443 494 1481 et
506 1439 569 1482 VI
589 1439 801 1481 addidisse
823 1454 871 1481 00
892 1440 1083 1493 001151110,
1108 1442 1157 1480 111
1169 1438 1459 1480 narrationem

141 1513 250 1554 quae
281 1499 423 1540 minus
455 1499 644 1553 perfecta
675 1499 899 1554 videretur,
931 1499 986 1539 ad
1016 1499 1146 1539 finem
1184 1497 1442 1553 perduceret.

261 1557 329 1598 Ad
360 1558 474 1599 hunc
505 1558 663 1599 librum
693 1558 886 1612 proxime
919 1557 1080 1599 accedit
1098 1557 1150 1608 F,
1182 1571 1271 1598 non
1291 1556 1461 1611 quidem

147 1616 295 1658 statim
327 1616 381 1657 ab
412 1617 554 1671 initio,
599 1617 672 1658 sed
703 1616 790 1658 fere
821 1632 846 1658 a
876 1617 961 1658 fine
994 1616 1146 1670 capitis
1179 1615 1281 1657 XIX
1311 1616 1384 1669 ita,
1415 1617 1463 1656 ut

149 1675 372 1730 permultis
415 1675 520 1717 locis
566 1676 694 1716 etiam
738 1676 784 1716 in
831 1677 958 1717 rebus
1006 1675 1236 1717 levissimis
1287 1677 1462 1729 uterque

150 1734 402 1776 consentiat.
465 1733 668 1783 Quamvis
702 1738 844 1776 autem
875 1749 963 1776 non
995 1749 1090 1775 raro
1123 1735 1193 1776 hic
1230 1734 1340 1775 liber
1370 1734 1462 1788 plu-

145 1793 266 1834 rimis
312 1792 611 1835 additamentis
657 1793 777 1835 foede
822 1794 1071 1849 inquinatus
1114 1794 1187 1847 sit,
1229 1796 1376 1834 tamen
1418 1793 1464 1833 111

148 1851 402 1906 quibusdam
435 1853 666 1907 genuinam
698 1854 882 1907 speciem
916 1853 1150 1895 servavisse
1171 1867 1267 1893 011111
1288 1853 1465 1906 apparet

149 1913 276 1965 atque
317 1911 446 1952 etiam
487 1912 566 1953 sub
609 1912 690 1953 hac
721 1912 860 1953 forma
890 1911 1156 1966 praestantia
1192 1911 1308 1965 libri,
1352 1910 1464 1951 unde

152 1969 387 2024 descriptus
427 1973 507 2024 051,
552 1971 753 2025 cognosci
790 1973 942 2025 potest.
1011 1969 1283 2025 Quantopere
1323 1971 1465 2011 autem

152 2030 320 2069 mutata
363 2028 450 2069 sint
492 2029 622 2070 verba
666 2030 883 2084 scriptoris
928 2044 1013 2071 uno
1057 2032 1227 2071 tantum
1271 2028 1464 2083 exemplo

157 2086 471 2129 demonstrabo.
520 2086 725 2130 Extrema
743 2103 842 2143 pars
864 2104 954 2143 cap.
974 2088 1036 2130 IV
1056 2088 1145 2143 (fol.
1166 2087 1234 2143 9¹³)
1259 2087 1364 2129 haec
1384 2090 1465 2128 est:

269 2146 486 2187 hectorem
510 2147 556 2188 in
587 2148 809 2201 peonicam
841 2149 969 2190 misit.
1019 2147 1070 2188 In
1101 2147 1180 2189 Ilio
1200 2149 1346 2202 portas
1367 2146 1468 2188 fecit

152 2204 307 2260 quibus
337 2205 514 2247 nomina
543 2205 649 2248 haec
682 2209 783 2248 sunt
814 2207 1087 2250 antenoridas
1123 2206 1328 2248 dardania
1357 2205 1466 2247 caia-

153 2277 252 2305 scea
281 2264 464 2305 timbrea
488 2265 667 2307 troiana.
728 2264 922 2321 Denique
942 2270 1170 2322 postquam
1190 2266 1310 2307 ilium
1329 2265 1467 2306 muni-

152 2323 248 2363 tum
283 2321 390 2365 vidit
427 2325 471 2365 et
506 2337 687 2380 regnum
719 2325 915 2381 stabiliit,
951 2329 1120 2381 tempus
1154 2325 1192 2367 ei
1232 2325 1370 2367 visum
1404 2325 1468 2365 est
