1607 2536
244 66 354 97 XXVI
745 53 1075 90 PRAEFATIO.

517 148 587 189 En
618 148 717 189 bien
749 149 925 190 chanter
956 152 998 190 et
1031 163 1084 190 en
1115 150 1213 191 bien
1245 150 1321 191 lire

521 206 627 248 Tote
659 207 701 247 la
731 207 826 248 nuit
857 207 961 248 (lura
993 210 1017 249 a
1047 208 1137 250 tire.

248 265 422 306 Troiani
442 265 534 307 cibo
551 265 767 306 abstinent
781 266 833 306 ad
847 266 1116 308 honorandas
1132 267 1365 308 amicorum
1379 267 1556 321 animas,

247 338 343 366 cum
363 324 535 365 Troiani
557 326 682 378 atque
703 323 855 366 Graeci
874 339 1021 379 pacem
1043 325 1180 367 facere
1200 326 1357 366 vellent
1374 326 1555 380 legimus

251 381 305 436 (v,
338 382 502 436 25405)

520 441 659 483 Granz
691 442 704 482 i
738 443 861 483 esteit
890 443 921 484 li
954 444 1147 496 appareiz

518 500 626 542 Molt
657 501 671 541 i
704 501 816 542 aveit
841 502 965 555 Jones
999 504 1041 542 et
1072 502 1194 554 vielz;

518 559 582 600 De
616 560 866 600 saintuaires
898 560 1005 601 molt
1034 560 1210 614 preisiez

518 617 580 658 Fu
612 618 642 658 li
675 621 799 659 autex
830 619 966 672 pleins
999 621 1040 659 et
1071 619 1276 673 chargiez.

365 676 472 718 Cum
510 677 589 717 viri
620 676 842 718 fortissimi
875 691 924 717 ex
956 691 1071 718 more
1104 677 1232 717 medii
1270 677 1361 718 aevi
1392 677 1556 731 equitee

249 736 351 777 facti
389 738 532 776 essent
570 735 832 789 virtutesque
871 736 1001 790 equiti
1039 735 1337 777 convenientes
1385 735 1558 776 maximi

247 795 591 845 aestimarentur,
623 808 712 835 non
743 794 828 834 iam
860 794 1110 835 mirabimur
1142 794 1254 848 quod
1286 794 1336 834 de
1366 793 1559 842 Minerva

246 853 427 907 legimus
459 853 514 906 (v,
547 851 712 906 25283)

529 910 684 964 Pallas,
715 925 794 952 nos
820 912 889 952 nel
921 925 1160 952 mescreons
1193 911 1287 964 mie,

532 968 689 1010 Deesse
721 970 771 1010 de
805 970 1047 1011 chevalerie.

364 1027 565 1082 Plurima,
597 1030 644 1069 ut
675 1043 802 1082 supra
832 1029 1025 1082 vidimus,
1056 1027 1311 1068 Benedictus
1333 1042 1383 1068 ex
1401 1026 1555 1068 Darete

247 1101 374 1141 quem
405 1087 602 1140 primitus
635 1101 787 1141 graeca
818 1087 965 1141 lingua
997 1088 1202 1140 scriptum
1234 1088 1275 1127 et
1307 1101 1330 1126 a
1356 1085 1553 1127 Cornelio

247 1148 402 1199 nepote
435 1144 625 1186 Sallustii
656 1160 824 1186 versum
857 1160 948 1187 esse
980 1148 1103 1199 putat
1127 1144 1183 1199 (v.
1206 1146 1256 1185 77
1281 1143 1413 1199 seqq.)
1446 1159 1557 1185 sum-

248 1205 346 1258 psit,
378 1204 689 1257 expeditionem
708 1204 1056 1258 Argonautarum
1089 1204 1323 1245 accuratius
1356 1203 1557 1244 describit

250 1277 299 1303 ex
320 1262 511 1318 Ovidio1)
533 1261 721 1318 (Metam.
742 1262 856 1317 VH),
880 1264 926 1303 in
956 1263 1149 1317 longiore
1170 1262 1431 1317 digressione
1464 1275 1561 1316 geo-

249 1321 453 1375 graphica
491 1320 546 1374 (v,
578 1322 723 1363 23055
756 1321 887 1376 seqq.)
920 1324 967 1362 ut
998 1322 1087 1375 ipse
1124 1321 1284 1362 indicat
1315 1320 1369 1374 (v.
1396 1320 1560 1374 23063)

248 1379 404 1420 Iulium
424 1379 660 1433 Caesarem,
692 1381 759 1421 cui
780 1381 881 1421 olim
907 1380 1233 1434 cosmographia
1256 1378 1555 1425 Iulii,Honorii

250 1437 440 1479 Oratoris
473 1439 680 1480 attributa
713 1442 786 1492 est,
826 1440 1034 1494 sequitur,
1073 1440 1119 1479 in
1150 1441 1263 1479 terra
1295 1440 1337 1478 et
1366 1437 1556 1478 moribus

249 1497 516 1538 Amazonum
548 1498 835 1539 describendis
867 1513 905 1539 v.
930 1498 1072 1538 23257
1108 1511 1222 1551 seqq.
1254 1496 1433 1537 Paulum
1454 1495 1558 1537 Oro-

252 1556 378 1609 sium,
422 1557 574 1597 ultima
605 1571 655 1597 ex
686 1555 837 1609 Dictye
876 1571 1000 1611 quem
1032 1556 1101 1597 hic
1138 1556 1224 1596 illic
1256 1556 1560 1596 commemorat
1606 1582 1607 1594 ³

252 1614 308 1668 (v.
339 1615 484 1656 28295
517 1615 658 1656 29581
692 1615 778 1669 etc.)
810 1615 963 1655 haurit.

368 1674 645 1728 Argumentis
678 1674 933 1714 firmissimis
958 1673 1100 1715 docuit
1125 1672 1350 1727 Dungerus
1361 1670 1394 1726 2)
1426 1671 1560 1712 Bene-

252 1731 411 1772 dictum
444 1746 491 1773 eo
524 1732 632 1773 libro
653 1731 822 1773 Daretis
856 1746 981 1786 quem
1012 1732 1136 1772 hodie
1169 1745 1336 1785 quoque
1355 1730 1562 1771 habemus

251 1804 376 1830 usum
408 1805 510 1841 esse,
543 1805 592 1831 ex
624 1805 706 1845 quo
738 1805 837 1831 vera
869 1805 916 1831 ac
935 1791 1055 1843 falsa,
1085 1790 1334 1831 verisimilia
1354 1803 1402 1830 ac
1420 1789 1560 1830 minus

251 1849 497 1890 verisimilia
528 1850 573 1890 in
605 1864 728 1891 suum
760 1864 930 1891 carmen
960 1849 1222 1890 transferret.
1282 1847 1364 1888 Hic
1397 1860 1563 1901 quoque

252 1906 392 1948 Pelias
431 1910 521 1948 erat
557 1922 630 1948 rex
666 1908 949 1962 Peloponensi
981 1906 1049 1962 (D.
1087 1922 1126 1961 p.
1158 1908 1196 1961 2,
1232 1906 1286 1959 1),
1316 1905 1562 1947 nominatur

251 1968 397 2006 tamen
428 1965 590 2019 Peleus,
630 1969 678 2007 ut
707 1968 753 2007 in
786 1966 874 2008 cod.
909 1966 958 2008 G.
990 1966 1155 2007 Paridis
1187 1965 1388 2006 iudicium
1424 1967 1586 2005 trans-⁴

253 2023 387 2064 fertur
429 2025 474 2064 in
522 2024 687 2066 Indiam
731 2024 786 2079 (v.
830 2024 981 2079 3843),
1026 2024 1169 2066 addita
1221 2026 1284 2065 est
1334 2022 1560 2076 descriptio

252 2081 572 2135 Polydamantis
612 2086 654 2124 et
691 2083 932 2125 Memnonis
970 2082 1024 2138 (V.
1058 2083 1170 2124 5461
1205 2080 1350 2135 5473),
1391 2081 1441 2121 de
1474 2080 1564 2135 qui-

354 2221 378 2263 1)
405 2221 556 2266 Dunger
576 2223 599 2257 l.
626 2223 649 2257 1.
677 2235 711 2267 p.
740 2228 782 2258 33
817 2223 984 2266 Bartsch,
1011 2222 1189 2256 Albrecht
1223 2231 1296 2255 von
1321 2218 1565 2254 Halberstadt

255 2279 291 2310 p.
319 2267 515 2303 LXXXIII.
570 2270 594 2314 ²)
621 2270 645 2304 l.
671 2270 695 2304 l.
722 2282 756 2314 p.
785 2274 841 2304 37.
