1607 2536
137 93 183 122 w
621 77 954 114 PRAEFATIO.

135 175 317 229 wei-piae
355 175 484 216 codex
521 175 593 229 qui
630 173 784 215 Moreti
821 174 954 216 fertur
992 174 1121 216 fuisse
1160 175 1307 230 (etiam
1344 175 1442 217 Pin-

136 233 285 274 darum
317 233 568 275 Thebanum
601 231 842 289 continens)
875 248 980 275 saec.
1000 233 1056 287 X,
1094 233 1258 276 Bernae
1289 250 1329 276 n.
1356 235 1442 277 392

137 306 242 333 saec.
275 291 371 345 XII,
401 307 440 333 n.
462 293 516 334 29
551 290 910 347 (Bongarsianus)
944 307 1048 334 saec.
1082 292 1199 347 XIII,
1230 292 1441 336 Bruxellis

134 351 180 391 in
220 351 320 392 bibl.
352 350 625 406 Burgundica
658 366 692 392 a.
729 351 838 392 1119
873 351 1072 406 scriptus,
1116 350 1252 393 Duaci
1282 367 1322 393 n.
1357 353 1442 394 835

136 423 241 451 saec.
273 409 366 464 XII,
397 410 616 451 Montibus
648 409 904 451 Harmoniae
937 424 1043 452 saec.
1075 409 1181 450 XIII
1213 413 1289 452 etc.
1323 413 1398 452 etc.

251 468 342 509 Iam
369 483 467 510 vero
506 471 553 510 ut
585 469 633 510 de
665 469 717 510 iis
749 469 869 510 libris
903 469 1056 523 quibus
1087 470 1179 523 ipse
1211 484 1313 511 usus
1346 485 1440 511 sum

133 527 278 580 paucis
311 542 531 582 exponam,
563 542 651 569 non
683 528 763 568 erit
795 527 965 569 difficile
987 528 1091 569 duas
1112 529 1234 583 quasi
1254 528 1439 570 familias

132 586 378 640 discernere,
410 602 539 628 unam
560 601 703 627 eorum
726 587 809 641 qui7
840 587 1032 641 quamvis
1054 587 1223 642 singula
1243 590 1441 641 corrupta

132 645 236 699 sint,
298 646 343 685 in
392 646 638 686 universum
686 648 830 686 tamen
880 660 904 686 a
946 646 1218 687 librariorum
1267 646 1440 687 licentia

129 703 382 757 integriores
409 706 675 757 manserunt,
710 704 870 745 scilicet
893 704 1227 753 LMPP¹BH‚
1261 705 1440 746 alteram

130 776 275 802 eorum
320 763 392 816 qui
433 763 626 816 plurimis
671 763 870 817 cuiusque
921 764 1086 817 generis
1138 763 1437 804 additamentis

128 822 316 874 corrupti
349 824 458 874 sunt,
492 819 705 871 GFPssV,
737 835 854 875 quae,
886 821 1051 862 etiamsi
1071 822 1300 863 nonnullae
1325 822 1437 863 lacu-

127 892 208 919 nae
257 880 426 921 illorum
475 881 681 921 librorum
729 882 842 921 recte
884 880 951 920 his
1002 881 1243 934 explentur,
1292 883 1436 921 tamen

127 938 356 979 maximam
387 942 552 992 partem
583 938 767 980 librariis
796 938 992 979 videntur
1024 938 1303 980 adscribenda
1334 953 1437 980 esse.

128 995 288 1037 Prioris
320 997 505 1038 familiae
539 1012 621 1052 quo
654 997 804 1038 melior
835 1000 900 1039 est
929 997 967 1038 L
987 1000 1198 1039 correctus
1232 1013 1256 1038 a
1287 998 1437 1051 prima,

125 1056 174 1095 ut
204 1055 387 1110 videtur,
423 1071 570 1106 manu,
604 1071 652 1097 eo
681 1056 818 1111 magis
852 1056 1079 1097 dolendum
1117 1056 1229 1111 quod
1260 1057 1435 1098 mutilus

128 1115 193 1154 est
246 1117 373 1169 atque
422 1115 592 1156 initium
642 1115 920 1156 desideratur:
977 1116 1167 1169 proxime
1219 1116 1272 1156 ad
1323 1115 1435 1157 hunc

126 1173 286 1214 accedit
316 1174 384 1227 M,
428 1176 687 1228 quapropter
722 1174 783 1214 ita
819 1188 908 1214 rem
945 1174 1137 1227 institui,
1186 1177 1234 1215 ut
1273 1176 1436 1215 textum

125 1245 249 1284 quem
295 1233 470 1287 praebet
509 1233 547 1273 L
587 1235 629 1273 et
676 1247 810 1286 usque
852 1233 905 1273 ad
944 1247 983 1286 p.
1025 1233 1095 1286 12,
1150 1234 1171 1273 1
1214 1234 1276 1274 M
1308 1248 1436 1287 quam

123 1291 306 1331 maxime
327 1306 532 1346 sequerer,
546 1291 805 1345 reliquorum
824 1291 1030 1332 librorum
1044 1291 1260 1345 lectiones,
1282 1293 1442 1346 quippe

124 1363 229 1402 quae
260 1350 467 1403 plurimae
504 1351 776 1391 librariorum
813 1350 999 1390 incuriae
1038 1352 1112 1390 aut
1139 1351 1334 1392 inscitiae
1366 1351 1433 1392 de-

123 1406 305 1449 beantur
344 1409 560 1450 rarissime
601 1411 770 1449 tantum
811 1423 1195 1450 commemorarem.
1239 1409 1284 1450 B
1315 1412 1357 1450 et
1387 1409 1441 1450 H

122 1466 286 1507 mendis
338 1468 570 1521 scripturae
614 1468 755 1521 potius
803 1482 930 1521 quam
975 1467 1089 1508 iusta
1132 1467 1327 1509 lectionis
1372 1468 1433 1509 di-

123 1526 363 1578 screpantia
395 1527 447 1567 ab
478 1526 545 1566 his
579 1526 733 1566 diversi
765 1526 946 1566 maxime
965 1526 1076 1566 inter
1097 1539 1140 1567 se
1161 1527 1433 1567 consentiunt

122 1584 164 1622 et
183 1582 364 1625 fortasse
385 1599 434 1625 ex
466 1585 613 1625 eodem
637 1584 755 1625 fonte
781 1584 1003 1625 fluxerunt.
1064 1585 1256 1637 pluribus
1287 1589 1434 1625 tamen

122 1640 286 1683 lacunis
312 1643 357 1684 H
380 1658 507 1697 quam
527 1643 571 1684 B
590 1643 768 1695 laborat,
801 1657 1058 1697 quamquam
1078 1643 1207 1683 etiam
1226 1643 1433 1683 nonnulla

120 1699 166 1739 in
197 1700 251 1740 H
274 1701 473 1756 leguntur
505 1716 611 1756 quae
643 1701 688 1742 in
706 1701 750 1742 B
771 1701 933 1754 desunt7
963 1703 1012 1741 ut
1030 1716 1068 1754 p.
1101 1702 1168 1753 24,
1201 1701 1226 1741 9
1247 1701 1431 1756 fugat——

66 1778 70 1781 -
120 1757 342 1813 interfecit7
354 1776 392 1814 p.
408 1761 475 1813 36,
494 1761 545 1801 13
560 1762 951 1815 vocat—consulit,
964 1776 1002 1815 p.
1017 1762 1085 1814 47,
1103 1761 1156 1802 10
1170 1760 1367 1801 Antenor
1386 1762 1434 1801 ut

121 1816 227 1857 vidit
260 1832 303 1859 se
335 1820 604 1872 obstrictum,
636 1835 674 1873 p.
707 1821 775 1874 47,
810 1821 862 1862 18
884 1820 1432 1874 clam—Agamemnonem,

125 1891 164 1929 p.
197 1876 263 1929 51,
299 1878 352 1918 12
383 1877 599 1931 Polyxena
629 1879 946 1932 Agamemnoni
976 1880 1281 1932 praesentetur.

237 1934 305 1975 Ex
337 1936 470 1976 altera
499 1936 663 1978 familia
692 1938 820 1993 longe
852 1936 1249 1992 praestantissimus
1283 1938 1348 1977 est
1379 1936 1429 1977 G.

122 1993 194 2047 qui
227 2008 333 2047 cum,
364 1996 412 2035 ut
443 1994 548 2035 mihi
580 1996 748 2050 quidem
767 1997 944 2050 videtur,
977 2010 1078 2037 aevo
1103 1994 1241 2036 medio
1263 1995 1430 2049 saepius

122 2054 352 2105 usurpatus
387 2053 443 2093 sit
474 2067 498 2093 a
529 2054 631 2094 viris
665 2054 800 2096 doctis
833 2058 959 2109 atque
977 2055 1126 2108 poetis,
1152 2053 1241 2094 eius
1263 2067 1429 2108 quoque

126 2110 413 2164 discrepantes
444 2111 645 2154 lectiones
667 2127 813 2155 omnes
834 2113 1142 2154 enumerandas
1163 2125 1255 2152 esse
1275 2112 1430 2152 censui.

125 2167 178 2208 In
213 2169 297 2210 fine
339 2170 465 2211 huius
504 2170 602 2212 libri
641 2171 785 2213 addita
821 2174 920 2213 sunt
959 2171 1165 2226 quaedam
1202 2184 1308 2225 quae
1348 2170 1429 2211 hoc

120 2227 216 2283 loco
236 2228 356 2269 nolui
374 2229 616 2284 praeterire,
637 2231 791 2272 etenim
809 2246 848 2285 p.
867 2230 948 2272 118
971 2230 1049 2271 sub
1074 2230 1204 2271 finem
1225 2228 1430 2282 scriptum

127 2287 192 2326 est
222 2285 319 2327 hoc:
