1607 2536
406 129 557 163 INDEX
585 127 819 162 NOMINUM
846 127 908 161 ET
936 128 1114 162 RERUM.

110 227 310 270 Agapenor
335 234 380 258 ex
404 222 564 256 Arcadia
589 221 745 256 Graeco-

157 283 238 305 rum
265 271 338 304 dux
367 273 426 311 19,
447 274 467 304 5

110 318 204 352 Aiax
237 317 474 352 Telamonius
506 316 551 351 de
582 315 746 350 Hesiona

158 366 268 399 natus
295 369 356 406 25,
389 368 405 398 1
442 362 664 398 describitur
692 366 744 406 16,

161 416 203 447 16
249 422 267 446 e
300 411 490 446 Salamina
521 409 745 445 Graecorum

156 459 232 493 dux
272 462 332 501 17,
362 462 401 492 17
460 459 502 492 A.
541 458 579 491 et
609 456 746 491 Hector

158 506 317 540 invicem
349 516 386 540 se
420 505 749 539 remuneraverunt

158 556 219 595 25,
242 556 262 586 5
306 551 576 594 Alexandrum,
616 561 638 584 a
675 561 747 594 quo

157 600 374 633 vulneratus
406 600 480 640 est,
516 597 653 632 occidit
684 597 747 632 sed

157 646 237 690 ipse
262 645 419 681 moritur
444 649 506 688 42,
530 649 571 680 19

109 693 204 727 Aiax
245 692 370 728 Oileus
408 692 631 727 Graecorum
673 692 747 726 dux

160 744 220 782 18,
242 744 262 774 4
300 739 522 775 describitur
544 743 603 782 16,
624 743 666 773 14
704 739 746 773 A.

158 789 196 821 et
206 787 395 822 Menelaus
406 786 653 821 Alexandrum
665 796 746 830 per-

159 835 362 878 sequuntur
388 837 450 876 26,
474 838 515 867 11

109 880 319 915 Alexander
353 880 492 915 Priami
526 881 623 915 filius
659 885 697 924 6,
725 885 744 914 3

158 928 330 962 hortatur
355 930 396 962 ut
421 928 548 962 classis
574 928 612 962 in
636 927 745 962 Grae-

158 975 254 1010 ciam
274 975 445 1010 mittatur
466 980 496 1019 9,
518 979 534 1009 1
569 974 747 1009 exercitui

157 1022 371 1066 praeficitur
410 1026 468 1064 11,
496 1027 516 1056 9
566 1022 747 1056 Helenam

158 1069 259 1114 rapit
282 1073 342 1112 12,
364 1073 408 1104 23
447 1068 670 1103 describitur
692 1073 746 1111 15,

158 1120 178 1151 8
230 1116 473 1151 Troianorum
516 1116 591 1150 dux
632 1120 693 1159 23,
726 1120 746 1150 S

157 1162 319 1198 Menelai
338 1163 457 1198 femur
470 1163 610 1208 sagitta
629 1164 747 1198 trans-

156 1210 240 1255 figit
260 1215 316 1253 26,
339 1215 381 1245 10
406 1210 645 1244 Palamedem
668 1210 747 1244 vul-

158 1259 265 1292 nerat
291 1261 352 1300 34,
376 1261 418 1292 19
459 1257 643 1291 Achillem
669 1257 747 1291 vul-

157 1305 264 1339 nerat
306 1308 367 1348 41,
410 1308 451 1338 14
509 1299 763 1339 Antilochum‘

157 1351 334 1386 interficit
388 1355 430 1385 41
449 1380 457 1395 ,
504 1355 547 1385 14
615 1362 747 1396 corpus

157 1398 313 1433 Achillis
345 1398 431 1433 feris
464 1400 502 1433 et
534 1397 747 1433 volucribus

158 1445 276 1489 proici
301 1445 406 1480 iubet
431 1449 492 1488 41,
516 1450 558 1479 16
597 1446 747 1480 Aiacem

158 1492 346 1536 vulnerat,
385 1494 426 1527 ut
469 1503 488 1527 e
533 1493 747 1527 vulneribus

158 1539 360 1582 moriatur,
414 1540 492 1584 ipse
543 1540 590 1573 ab
634 1540 746 1574 Aiace

158 1588 328 1621 necatur:
355 1587 548 1632 sepultura
573 1590 633 1630 42,
658 1591 699 1621 18

107 1632 281 1668 Alizonia
307 1637 368 1676 23,
389 1638 408 1667 5

111 1680 317 1715 Amazones
342 1684 404 1724 43,
428 1686 468 1715 16

112 1727 404 1772 Amphimachus
429 1739 472 1762 ex
493 1727 602 1762 Caria
623 1727 747 1762 Troia-

159 1785 290 1808 norum
317 1774 390 1809 dux
417 1779 478 1819 22,
502 1779 543 1809 16

112 1821 404 1864 Amphimachus
425 1821 645 1856 Graecorum
674 1822 748 1856 dux

162 1872 220 1910 18,
245 1872 285 1902 15
334 1869 379 1903 ab
412 1870 537 1903 Aenea
569 1869 749 1903 occiditur

159 1918 221 1957 26,
244 1919 288 1949 20

112 1961 406 2006 Amphimachus
427 1962 564 1997 Priami
586 1963 681 1997 lilius
702 1963 748 1997 ad

159 2008 299 2043 bellum
313 2009 606 2044 continuandum
619 2010 745 2045 exhor-

158 2057 261 2090 tatur
295 2060 358 2098 45,
390 2061 430 2091 13
480 2056 628 2091 Priamo
667 2068 748 2101 pro-

159 2102 278 2138 mittit
311 2114 348 2138 se
380 2103 530 2138 Aiacem
567 2106 605 2138 et
636 2104 747 2138 Ante-

159 2160 286 2185 norem
338 2150 618 2185 interfecturum
669 2161 748 2186 esse

159 2200 259 2239 47,1
317 2197 439 2233 claves
472 2199 602 2242 port-ae
634 2197 747 2233 habet

159 2246 221 2286 48,
243 2249 262 2278 9

108 2289 294 2334 Amphius
318 2291 362 2326 de
383 2291 483 2326 Zelia
504 2292 746 2327 Troianorum

160 2337 233 2371 dux
261 2341 321 2381 22,
348 2343 388 2372 15

1364 129 1417 167 {31

782 221 962 255 Anchises
982 222 1154 266 princeps
1176 221 1419 256 Troianorum

831 272 868 310 8,
889 272 910 302 4
940 273 1000 311 48,
1023 273 1042 303 s

782 315 1043 350 Andromacha
1068 314 1207 349 Priami
1238 315 1313 349 filia
1341 319 1377 356 6,
1399 320 1420 349 4

831 363 1052 397 describitur
1074 367 1134 404 15,
1151 367 1193 396 15
1227 364 1268 396 ut
1288 362 1421 396 Hecto-

830 421 908 443 rem
919 421 941 454 a
955 421 1081 455 pugna
1097 409 1276 443 retineret
1289 409 1421 453 Astya-

831 459 978 491 nactem
993 457 1109 491 filium
1121 458 1206 490 ante
1220 456 1332 500 pedes
1344 457 1421 490 eius

832 504 1024 548 protendit
1055 507 1115 546 29,
1144 508 1163 538 9
1211 503 1248 537 in
1279 504 1420 548 templo

833 551 1020 586 Minervae
1046 561 1083 585 se
1110 550 1273 585 occultat
1293 554 1354 593 49,
1377 555 1416 584 21

832 598 987 633 libertas
1019 598 1052 632 ei
1087 597 1253 632 redditur
1288 601 1349 638 50,
1378 601 1420 631 20

833 645 945 680 Troia
994 646 1105 689 capta
1154 656 1236 678 cum
1280 644 1421 679 Heleno

832 692 1123 727 Cher-ronensum
1143 692 1238 736 petit
1258 695 1319 734 52,
1337 696 1353 725 1
1380 696 1421 725 14

784 739 901 774 Anius
930 739 1080 774 iubetur
1111 739 1289 773 exercitui
1326 750 1422 773 com-

831 788 995 821 meatum
1021 787 1240 831 subportare
1270 790 1332 829 24,
1353 791 1374 819 4

785 835 951 869 Antenor
982 834 1129 879 legatus
1163 833 1201 867 in
1228 833 1420 868 Graeciam

832 881 995 915 mittitur
1045 885 1101 924 6,·
1129 884 1169 914 16
1237 879 1422 924 principes

823 928 1057 963 ‘Graecorum
1095 927 1190 970 adit,
1232 927 1423 961 Priamum

833 975 880 1009 ad
914 975 1054 1010 bellum
1086 974 1304 1009 exhortatur
1339 978 1374 1016 8,
1403 979 1420 1007 2

831 1022 1052 1057 describitur
1074 1026 1127 1065 15,
1145 1026 1186 1055 12
1220 1022 1261 1055 ut
1281 1021 1421 1055 Helena

833 1068 983 1104 Graecis
1006 1069 1182 1103 reddatur
1206 1068 1337 1103 suadet
1366 1072 1421 1111 45,

834 1122 877 1151 10
930 1128 1013 1151 cum
1052 1116 1134 1150 aliis
1172 1115 1219 1150 ad
1261 1115 1422 1159 patriam

831 1163 1059 1208 prodendam
1094 1163 1265 1197 coniurat
1309 1166 1369 1206 47,
1403 1168 1421 1194 :3

833 1210 965 1245 Troiae
990 1210 1158 1245 remanet
1184 1213 1244 1252 52,
1266 1214 1287 1242 4

786 1258 996 1293 Antenorea
1024 1259 1134 1303 porta
1159 1257 1292 1291 Troiae
1321 1261 1357 1299 6,
1383 1262 1422 1290 11

786 1304 1007 1340 Antilochus
1040 1305 1138 1339 filius
1169 1304 1337 1339 Nestoris
1377 1305 1422 1338 ab

833 1352 1044 1386 Alexandro
1077 1351 1258 1386 occiditur
1290 1355 1351 1392 41,
1382 1355 1422 1384 13

786 1400 971 1444 Antiphus
1009 1398 1233 1434 Graecorum
1269 1398 1340 1432 dux
1380 1410 1422 1432 ex

833 1446 999 1491 Calydna
1026 1450 1086 1488 18,
1109 1450 1128 1480 5
1168 1456 1211 1480 ex
1233 1445 1338 1480 Elide
1367 1450 1422 1482 is,

836 1498 876 1528 15
929 1494 976 1528 ab
1014 1494 1169 1528 Hectore
1204 1493 1424 1527 interficitur

834 1545 894 1583 28,
919 1546 960 1575 10

786 1588 971 1632 Antiphus
998 1598 1017 1622 e
1043 1587 1215 1622 Maeonia
1248 1586 1422 1621 Troiano-

832 1646 913 1669 rum
946 1635 1020 1669 dux
1052 1638 1113 1677 23,
1135 1639 1154 1668 2
1199 1645 1220 1668 a
1247 1634 1423 1668 Diomede

833 1681 1013 1716 occiditur
1038 1686 1099 1724 26,
1122 1685 1164 1715 22

785 1728 970 1773 Apollinis
997 1731 1125 1763 fanum
1151 1729 1188 1762 in
1216 1727 1337 1762 insula
1358 1727 1423 1771 Cy-

832 1776 963 1811 therea
1015 1780 1074 1819 12,
1121 1780 1162 1809 12
1235 1775 1424 1809 oraculum

833 1823 1055 1868 Delphicum
1079 1828 1132 1865 19,
1154 1828 1190 1856 13
1226 1823 1266 1856 A.
1289 1821 1423 1865 Thym—

835 1871 967 1904 braeus
994 1874 1056 1912 40,
1078 1874 1122 1903 20

787 1927 852 1950 ara
876 1915 972 1951 Iovis
998 1922 1060 1959 49,
1083 1922 1124 1952 18

786 1964 946 1998 Arcadia
974 1968 1033 2007 19,
1055 1968 1074 1998 5

786 2011 996 2046 Arcesilaus
1029 2022 1048 2046 e
1082 2010 1237 2045 Boeotia
1268 2010 1423 2045 Graeco-

833 2070 914 2092 rum
934 2058 1007 2092 dux
1032 2063 1091 2099 17,
1116 2063 1157 2092 11
1197 2058 1243 2092 ab
1265 2058 1423 2093 Hectore

833 2105 1052 2140 interficitur
1078 2110 1138 2148 26,
1165 2110 1177 2139 1

785 2152 1036 2188 Archelochus
1062 2163 1081 2187 e
1107 2152 1266 2186 Thracia
1298 2152 1424 2186 Troia-

833 2210 964 2235 norum
991 2200 1064 2234 dux
1092 2204 1152 2242 23,
1173 2203 1194 2233 4

786 2247 876 2292 Argi
906 2251 1002 2289 12,1
1036 2252 1096 2289 13,
1119 2251 1228 2289 719,
1251 2253 1269 2280 2

785 2294 920 2339 Argisa
948 2298 1006 2339 18,
1034 2299 1074 2328 16

786 2340 915 2385 Argivi
943 2345 1003 2384 20,
1026 2346 1045 2374 4
1074 2345 1135 2384 52,
1159 2347 1177 2374 ’ἱ
