1607 2536
164 77 245 108 vm
647 63 979 99 PRAEFATIO.

162 162 212 200 ut
241 159 416 200 iniurias
450 173 595 201 eorum
628 160 699 214 qui
731 160 783 201 ad
814 160 968 202 troiam
1000 164 1210 202 uenerunt
1241 175 1335 202 cum
1356 176 1473 203 exer-

164 218 248 258 citu
279 218 591 259 laumedontem
622 220 786 272 patrem
818 233 941 260 suum
967 220 1219 261 occiderunt.
1250 220 1470 262 hesionem

164 290 351 317 sororem
389 277 656 318 abduxerunt
694 277 743 318 de
781 278 840 318 eis
881 292 924 318 se
961 278 1233 319 ulcisceretur
1264 281 1307 319 et
1337 279 1386 320 de
1419 293 1469 320 ea

162 348 206 375 re
247 335 308 375 uti
347 335 610 376 satisfaceret
647 337 688 376 et
729 336 809 377 sibi
840 336 1059 378 hesionem
1089 337 1320 378 remittant.
1380 336 1468 378 An-

161 395 353 434 tenorem
384 394 573 448 legatum
605 394 749 435 mittit.

281 450 504 493 Consentit
535 467 630 493 cum
660 452 769 494 libro
803 452 843 494 G
862 454 990 494 etiam
1017 453 1062 504 V,
1095 454 1167 495 sed
1198 453 1266 494 hic
1298 468 1465 509 quoque
1500 464 1506 467 '

162 510 233 564 qui
263 510 390 565 longe
422 511 668 552 recentioris
701 514 765 552 est
795 512 998 565 temporis
1030 512 1107 566 ita,
1139 514 1187 553 ut
1219 526 1343 566 saepe
1375 527 1466 553 mu-

159 568 279 609 tandi
312 569 523 623 quoddam
556 570 876 624 corrigendique
909 570 1095 611 studium
1116 571 1466 625 deprehendatur.

159 625 332 668 Praeter
362 627 474 668 hunc
506 630 591 669 tres
623 630 672 669 ut
709 643 836 682 supra
874 629 959 669 dixi
995 630 1040 670 in
1072 629 1330 671 bibliotheca
1359 629 1466 670 Vin-

160 685 395 727 dobonensi
410 689 682 727 asservantur
692 687 855 728 codices
869 686 1039 729 Daretis
1058 702 1163 729 saec.
1178 687 1269 741 XV,
1287 702 1468 742 quorum

159 758 268 785 unus
306 759 346 785 11.
385 745 497 785 3221
537 759 668 799 prope
707 745 760 786 ad
796 749 989 787 nostrum
1028 746 1203 800 accedit,
1244 747 1395 800 reliqui
1425 761 1467 788 n.

159 802 273 843 3400
306 805 347 843 et
376 818 417 844 11.
450 803 563 844 3517
598 803 650 843 ad
681 804 910 858 vulgatam.

275 860 427 902 Eidem
464 861 650 902 familiae
689 862 956 903 adscribendi
995 865 1094 904 sunt
1134 863 1262 904 etiam
1297 863 1467 914 RAD,

156 919 201 959 in
245 920 397 973 quibus
435 921 571 961 multa
609 923 709 961 sunt
745 923 926 974 mutata,
970 922 1105 962 eidem
1141 920 1200 962 Ρ2
1238 923 1279 962 et
1311 922 1382 976 qui
1414 936 1466 963 ex

156 977 237 1018 1100
285 978 450 1019 videtur
499 979 670 1020 fluxisse
722 979 772 1030 O,
827 980 937 1020 unde
992 980 1079 1020 fere
1134 982 1275 1020 textus
1328 980 1465 1034 qualis

157 1036 399 1078 etiamnunc
419 1038 665 1092 plerumque
685 1038 978 1079 circumfertur
998 1041 1116 1080 ortus
1137 1040 1211 1079 est.
1254 1037 1367 1079 Nam
1380 1038 1464 1079 edi-

155 1094 294 1136 tiones
329 1095 557 1136 admodum
577 1097 688 1138 inter
708 1111 751 1138 se
772 1097 1056 1151 consentiunt,
1089 1099 1264 1151 excepta
1283 1111 1332 1137 ea
1355 1111 1463 1151 quae

155 1151 345 1194 Venetiis
385 1169 420 1195 a.
465 1155 576 1195 1499
614 1155 789 1209 prodiit,
834 1158 875 1196 et
913 1170 1009 1197 cum
1052 1156 1297 1210 plerumque
1329 1154 1465 1196 Dares

155 1210 298 1265 Dictyi
342 1213 684 1268 subiungeretur,
733 1229 886 1268 parum
930 1229 1082 1268 operae
1127 1214 1225 1255 huic
1267 1214 1465 1267 scriptori

154 1270 362 1311 tributum
405 1274 478 1312 est.
522 1286 631 1313 unus
675 1272 810 1314 Iosias
848 1273 1077 1314 Mercerius
1123 1272 1281 1326 optime
1323 1272 1373 1312 de
1414 1286 1464 1313 eo

153 1329 416 1370 restituendo
447 1331 623 1372 meritus
656 1334 732 1385 est,
765 1346 889 1386 quem
922 1332 1086 1373 duobus
1112 1346 1214 1372 usus
1235 1331 1464 1385 codicibus,

153 1388 201 1427 ut
232 1387 292 1428 ait
322 1388 368 1428 in
404 1388 684 1443 praefatione,
729 1404 750 1431 0
788 1390 1047 1431 bibliotheca
1085 1388 1124 1431 S.
1155 1389 1343 1430 Victoris
1380 1388 1460 1430 Pa-

154 1445 346 1487 risiensis
377 1447 558 1502 triginta
590 1449 714 1490 annis
747 1451 845 1489 ante
877 1451 917 1489 et
938 1448 1119 1503 amplius
1152 1448 1316 1489 collatis
1347 1447 1466 1488 Pari-

156 1504 228 1545 siis
262 1519 286 1545 a
321 1506 431 1547 1618
464 1507 510 1546 in
540 1507 676 1548 lucem
715 1507 918 1561 prodidit:
963 1507 1038 1548 sed
1078 1522 1175 1548 cum
1213 1507 1463 1560 scriptore-m

153 1562 295 1616 ipsum
332 1578 419 1604 11011
455 1565 567 1605 tanti
604 1579 695 1606 esse
733 1568 942 1620 censeret,
984 1568 1032 1606 ut
1074 1565 1366 1607 mutationum
1408 1565 1463 1605 ab

152 1621 246 1674 ipso
297 1621 505 1663 factarum
557 1624 765 1664 rationem
811 1624 1067 1665 reddendam
1120 1638 1211 1665 esse
1264 1625 1466 1676 censeret,

152 1693 267 1720 nunc
314 1694 402 1721 11011
453 1695 617 1735 semper
659 1682 782 1723 facile
826 1685 890 1724 est
934 1683 987 1723 ad
1037 1681 1377 1735 discernendum,
1419 1681 1464 1722 id

154 1738 266 1792 quod
298 1739 491 1793 equidem
524 1743 701 1782 conatus
734 1756 844 1794 sum,
887 1744 1030 1782 utrum
1063 1741 1162 1796 quid
1194 1755 1216 1781 e
1247 1740 1463 1781 codicibus

154 1810 209 1836 an
240 1811 261 1837 e
282 1797 524 1839 coniectura
544 1799 770 1853 scripserit.
819 1799 963 1855 Digna
983 1814 1089 1855 quae
1110 1800 1467 1841 commemoretur

153 1857 217 1895 est
249 1856 376 1897 editio
408 1856 611 1899 Ludovici
649 1857 821 1900 Smidsii
851 1858 1186 1900 Amstelaedami
1226 1858 1338 1899 1702
1369 1857 1454 1898 An-

154 1912 276 1954 dreae
300 1913 525 1956 Dederichi
550 1915 727 1958 Bonnae
761 1917 885 1971 1835,
918 1918 1035 1958 cuius
1055 1917 1221 1958 Indices
1252 1916 1298 1956 in
1316 1930 1464 1956 meum

152 1985 277 2012 usum
310 1976 554 2014 convertere
585 1989 674 2016 non
705 1976 905 2017 dubitavi.

270 2030 321 2071 In
345 2032 490 2073 multis
512 2033 724 2075 codicibus
746 2036 788 2074 et
805 2035 851 2075 in
871 2034 1179 2089 antiquissimis
1200 2032 1460 2074 editionibus

153 2087 297 2129 addita
337 2092 400 2130 est
436 2091 583 2132 tabula
618 2095 924 2147 pugnatorum,
963 2107 1069 2147 quae
1100 2093 1146 2133 in
1177 2091 1210 2131 L
1241 2091 1346 2132 haec
1377 2094 1461 2133 est:

271 2146 373 2196 Quis
410 2149 676 2191 troianorum
713 2165 838 2205 quem
877 2153 920 2206 et
953 2165 1174 2206 grecorum
1206 2149 1463 2191 occiderunt.

151 2203 325 2247 haector
335 2220 379 2247 cc
392 2208 669 2261 protesilaum
681 2210 919 2263 patroclum
930 2210 1161 2251 merionem
1176 2208 1463 2261 arcesa¹laum.

126 2280 132 2286 ⁸
153 2260 452 2318 Cleopelenam
484 2266 650 2308 dorium
667 2268 937 2321 pollexenam
955 2268 1207 2323 philyppum
1227 2268 1462 2321 antyppum
