1607 2536
167 79 220 121 38
601 79 807 114 DAREHS
834 80 1035 115 PHRYGH

166 178 378 230 oportere,
417 175 618 230 conqueri
656 175 811 229 coepit,
857 175 969 230 quod
1006 175 1320 231 Agamemnoni
1362 177 1469 218 nihil

163 232 319 289 negare
364 234 518 288 possit:
567 236 712 274 tamen
755 248 850 275 cum
900 237 1068 288 tempus
1112 248 1279 289 pugnae
1326 250 1468 289 super-

163 293 366 345 venisset,
399 306 442 333 se
469 292 624 333 milites
659 306 757 333 suos
784 293 1029 345 missurum,
1058 294 1197 347 ipsum
1224 297 1468 335 excusatum

163 351 350 392 haberet.
412 351 712 406 Agamemnon
744 351 782 392 ei
814 351 973 406 gratias
1006 352 1104 406 egit.

87 414 95 418 “
128 426 145 451 5
282 408 460 451 XXXII.
529 409 715 463 Tempus
759 423 928 464 pugnae
973 410 1228 464 supervenit.
1294 409 1469 452 Troiani

165 469 396 509 exercitum
427 468 621 509 educunt.
666 471 814 509 contra
838 468 989 523 Argivi
1015 468 1237 522 prodeunt.
1280 469 1468 510 Achilles

163 528 301 581 primo
333 526 621 581 Myrmidones
653 527 843 579 instruit,
876 527 929 567 ad
947 526 1317 582 Agamemnonem
1348 542 1468 581 para-

161 588 230 627 tos
250 586 395 627 mittit.
443 586 492 626 fit
522 599 667 640 pugna
692 586 844 638 maior,
876 585 1028 626 acriter
1055 586 1250 627 saevitur.
1300 585 1468 628 Troilus

162 644 208 685 in
250 645 388 698 prima
433 645 520 685 acie
563 644 747 699 Argivos
795 644 949 697 caedit,
998 642 1286 698 Myrmidones
1336 645 1469 699 fugat,

111 719 143 744 10
163 703 473 757 inpressionem
514 717 646 757 usque
687 703 732 743 in
773 706 912 743 castra
955 702 1074 754 facit,
1112 703 1270 744 multos
1306 703 1469 756 occidit,

160 762 367 815 plurimos
401 761 573 802 sauciat.
624 761 735 801 Aiax
767 760 1039 802 Telamonius
1073 761 1252 802 obstitit.
1296 761 1469 802 Troiani

160 820 341 861 victores
381 820 426 860 in
467 819 670 873 oppidum
707 822 987 861 revertuntur.
1048 822 1219 873 postera
1257 819 1322 861 die
1356 820 1467 875 Aga-

159 892 362 919 memnon
400 878 629 919 exercitum
669 877 824 930 educit,
868 892 1014 919 omnes
1054 878 1178 919 duces
1217 881 1259 919 et
1296 878 1468 932 Myrmi-

161 937 290 978 dones
317 937 547 991 prodeunt:
574 939 722 978 contra
749 936 924 977 Troiani
950 937 995 977 in
1021 937 1155 977 aciem
1181 937 1282 978 laeti
1303 940 1469 978 exeunt.

107 1010 140 1036 15
160 996 321 1049 proelio
354 996 580 1037 commisso
613 998 789 1049 uterque
822 995 1028 1036 exercitus
1063 995 1175 1036 inter
1207 1009 1250 1036 se
1282 995 1468 1047 dimicat,

160 1055 313 1095 acriter
357 1068 432 1108 per
470 1055 633 1108 aliquot
671 1053 758 1094 dies
796 1056 1028 1108 pugnatur,
1066 1053 1200 1094 multa
1237 1054 1355 1094 milia
1393 1054 1468 1095 ho-

159 1113 324 1153 minum
350 1127 400 1154 ex
425 1116 604 1167 utraque
630 1115 750 1166 parte
771 1112 938 1153 cadunt.
989 1112 1156 1153 Troilus
1176 1111 1465 1166 Myrmidones

158 1171 428 1226 persequitur
466 1171 617 1212 sternit
655 1171 787 1225 fugat.
854 1171 1155 1225 Agamemnon
1191 1173 1240 1211 ut
1277 1171 1384 1212 vidit
1417 1185 1469 1212 ex

161 1244 237 1271 sua
273 1233 393 1284 parte
432 1231 588 1271 multos
628 1229 808 1282 occisos,
849 1229 1036 1270 indutias
1080 1229 1124 1269 in
1166 1228 1254 1269 dies
1290 1229 1469 1284 triginta

109 1305 143 1330 20
161 1289 286 1342 petit,
336 1292 383 1330 ut
434 1303 532 1330 suos
582 1288 778 1329 funerare
822 1287 968 1341 possit.
1042 1286 1236 1328 Priamus
1280 1287 1467 1329 indutias

161 1347 286 1389 dedit.
349 1362 448 1388 suos
481 1347 658 1402 quisque
692 1345 955 1400 sepeliendos
987 1348 1118 1387 curat.
1384 1346 1389 1354 ‘

278 1405 481 1447 XXXIII.
547 1405 732 1460 Tempus
769 1418 939 1460 pugnae
978 1404 1232 1458 supervenit.
1294 1404 1468 1446 Troiani

160 1465 390 1506 exercitum
416 1465 611 1506 educunt.
661 1466 810 1505 contra
835 1464 1137 1518 Agamemnon
1162 1476 1309 1504 omnes
1342 1463 1467 1504 duces

159 1523 203 1563 in
230 1537 420 1578 pugnam
447 1523 572 1578 cogit.
628 1523 788 1577 proelio
809 1522 1034 1563 commisso
1060 1521 1108 1562 fit
1130 1535 1288 1576 magna
1308 1522 1468 1575 caedes,

106 1597 141 1622 25
162 1583 313 1623 acriter
357 1582 552 1623 saevitur.
598 1584 867 1638 [postquam
924 1580 1110 1634 primum
1166 1580 1248 1621 diei
1298 1583 1467 1634 tempus

1173 1742 1267 1773 possit

257 1785 274 1814 1
303 1780 440 1825 coepit]
463 1789 499 1813 se
527 1778 676 1823 quidem
703 1776 735 1812 G
832 1780 852 1811 2
878 1776 995 1821 possit
1024 1777 1062 1811 et
1087 1776 1120 1811 G
1169 1776 1292 1820 coepit
1317 1775 1351 1809 L
1447 1780 1469 1810 4

160 1839 203 1863 eo
231 1827 330 1872 quod
355 1825 609 1872 proposuisset
635 1835 656 1859 a
681 1834 808 1869 pugna
835 1823 1018 1858 abstinere
1045 1824 1129 1858 add.
1151 1823 1184 1857 G
1203 1826 1289 1866 post
1313 1822 1469 1858 haberet

162 1879 182 1910 6
202 1874 409 1919 producunt
429 1872 463 1908 G
549 1876 567 1906 7
588 1871 707 1917 primo
728 1881 794 1905 om.
810 1870 843 1905 G
864 1870 869 1916 1
891 1869 1130 1905 mirmidonas
1146 1869 1180 1904 G
1198 1870 1256 1904 hic
1275 1873 1307 1904 et
1324 1870 1470 1913 saepius

161 1925 182 1956 8
208 1920 416 1965 insequitur
446 1919 479 1953 L
529 1919 669 1954 seuitur
701 1917 734 1953 G
836 1922 855 1952 9
889 1916 988 1951 cedit
1019 1916 1053 1952 G
1151 1921 1192 1952 10
1218 1927 1333 1961 usque
1362 1917 1411 1951 ad
1436 1916 1471 1951 G

926 1972 947 1989 u

162 2007 204 2037 12
232 2001 426 2047 oppidum]
449 2002 572 2035 castra
597 2000 631 2035 G
734 2003 777 2033 14
804 1999 987 2043 prodeant
1019 2009 1039 2033 e
1070 2000 1198 2033 contra
1224 1998 1258 2034 G
1284 2000 1289 2041 1
1316 1998 1470 2033 troilum

161 2050 246 2084 add.
272 2049 307 2083 L
324 2051 410 2093 post
434 2049 563 2082 contra
585 2049 589 2090 Ι
611 2047 635 2081 1.
662 2046 701 2081 in
727 2056 758 2080 a.
787 2045 820 2080 G
918 2049 960 2079 15
987 2045 1165 2080 dimicant
1191 2045 1225 2080 G
1322 2049 1365 2080 16
1391 2044 1469 2079 dies

162 2095 315 2141 aliquod
347 2095 382 2130 G
491 2098 533 2129 18
559 2105 604 2128 ex
628 2093 702 2128 suis
728 2091 897 2137 partibus
929 2092 1065 2127 multos
1096 2092 1131 2126 L
1183 2092 1308 2136 plures
1333 2102 1378 2126 ex
1403 2102 1470 2125 sua

161 2145 269 2188 parte
289 2142 323 2177 G
418 2145 463 2176 20
488 2140 585 2185 petit
614 2140 654 2174 in
679 2139 808 2173 diebus
835 2138 869 2173 G
890 2141 894 2181 Ι
918 2149 1002 2173 31103
1028 2139 1111 2173 add.
1137 2138 1172 2172 L
1194 2149 1274 2182 sup.
1301 2138 1365 2172 lin.
1388 2139 1393 2181 1
1415 2137 1471 2172 fu-

161 2191 311 2225 neraret
335 2190 414 2233 (om.
434 2187 566 2233 possit)
587 2186 621 2221 G
705 2189 748 2220 21
769 2185 861 2220 facit
880 2185 914 2220 G
935 2187 940 2227 l
963 2195 1047 2219 suos
1067 2185 1238 2230 quisque]
1260 2195 1417 2229 suosque
1436 2184 1471 2218 L

162 2240 206 2271 23
233 2246 358 2271 omnes
377 2245 444 2270 om.
465 2234 499 2269 G
571 2237 616 2268 24
640 2233 683 2268 fit
707 2243 773 2267 om.
793 2232 827 2265 L
911 2235 956 2266 25
983 2231 1124 2266 seuitur
1143 2231 1178 2266 G
1225 2233 1471 2275 insequuntur

162 2283 196 2316 L
218 2285 222 2326 i
244 2285 445 2327 postquam
460 2280 668 2315 —transiit
692 2290 757 2314 om.
783 2278 817 2312 L
839 2280 843 2321 l
866 2280 1012 2323 tempus
1038 2277 1113 2313 diei
1137 2278 1353 2323 superuenit
1377 2276 1422 2313 G.
