1607 2536
30 0 56 206 1

31 246 49 803 1

610 44 947 80 PRAEFATIO.
1360 62 1437 91 mx

94 143 288 183 'carmen
330 141 380 182 de
420 141 531 182 bello
575 140 761 182 Troiano
809 141 920 182 circa
960 156 995 181 a.
1040 141 1152 184 1185
1194 143 1365 196 scripsit
1397 148 1437 185 et

116 200 327 242 Balduino
350 199 649 242 Cantuariensi
671 200 989 254 archiepiscopo
1011 199 1231 242 dedicavit.
1282 201 1435 251 Quem-

118 259 346 302 admodum
383 273 471 300 non
503 258 744 312 defuerunt,
791 261 840 299 ut
877 273 1006 313 supra
1042 274 1082 313 p.
1114 258 1217 301 XVI
1255 275 1434 303 comme-

117 318 509 373 moravimus,-qui
552 318 665 358 hunc
709 332 801 358 esse
843 318 1000 359 librum
1040 319 1346 373 existimarent,
1385 335 1434 362 ex

115 393 198 433 quo
230 380 376 419 noster
400 376 535 418 Dares
568 378 789 431 excerptus
822 379 951 430 esset,
991 377 1052 418 ita
1085 378 1213 418 etiam
1244 379 1290 419 in
1322 393 1434 421 com-

113 437 306 491 pluribus
346 434 644 491 editionibus1)
684 450 791 490 quae
829 436 875 477 in
914 435 1145 477 Germania
1184 437 1434 490 prodierunt

114 494 311 538 Cornelio
352 494 511 550 Nepoti
554 495 626 550 qui
665 494 867 536 Daretem
906 493 1114 536 Graecum
1152 496 1197 536 in
1238 496 1432 551 linguam

111 553 310 596 Latinam
318 554 730 608 vertisseferebatur,
744 554 976 595 attributus
995 557 1080 595 est:
1101 569 1228 610 quem
1243 569 1431 597 errorem

113 611 283 655 Samuel
302 613 549 655 Dresemius
575 613 622 654 in
653 613 837 654 editione
871 628 947 654 sua
979 611 1033 668 (a.
1063 612 1194 668 1620)
1227 615 1431 668 explosit:

113 674 185 728 qui
216 687 304 714 non
343 674 481 714 solum
518 687 665 714 verum
707 674 923 714 auctorem
961 672 1162 727 restituit,
1195 673 1267 713 sed
1300 674 1429 715 etiam

113 746 137 773 a
167 732 362 786 plurimis
394 731 558 773 mendis
590 732 797 773 liberavit.
829 731 1035 785 Iosephus
1065 732 1199 786 igitur
1220 746 1315 773 eum
1337 747 1433 774 cum

111 791 157 831 in
207 791 444 832 ordinanda
496 791 674 832 materia
722 793 938 832 auctorem
990 791 1197 847 sequitur,
1248 793 1296 832 ut
1339 793 1430 846 ipse

112 849 215 891 dicit
245 849 266 890 I
298 849 354 891 25

155 933 160 938 -
198 908 309 950 Mira
328 909 498 963 quidem
519 908 634 950 dictu
655 909 728 950 sed
747 923 858 962 vera,
879 908 1096 961 advertite,
1128 909 1332 963 pandam3

197 966 311 1009 Nam
350 968 437 1008 vati
467 966 656 1022 Plu-ygio
693 966 875 1008 Martem
915 967 1177 1008 certissimus
1209 967 1338 1009 index

196 1025 416 1080 Explicuit
446 1040 647 1080 praesens
681 1026 841 1079 oculus,
874 1040 999 1080 quem
1020 1026 1166 1067 fabula
1185 1027 1334 1068 nescit.

107 1087 199 1126 tum
233 1085 403 1140 singula
433 1085 564 1126 verba
601 1087 643 1126 et
673 1085 850 1139 phrases
883 1100 933 1126 ex
965 1099 1013 1126 eo
1036 1086 1230 1140 sumpsit.
1274 1084 1424 1141 Neque

106 1146 252 1186 tamen
282 1144 396 1185 hunc
429 1144 567 1186 solum
593 1146 692 1185 ante
713 1145 857 1186 oculos
884 1144 1047 1198 habuit,
1068 1145 1140 1185 sed
1160 1145 1295 1185 multa
1316 1160 1425 1200 quae

106 1203 177 1244 ille
210 1203 522 1257 simplicissime
553 1204 755 1258 narravit,
787 1203 871 1244 alia
891 1217 941 1244 ex
968 1204 1061 1244 aliis
1094 1203 1286 1245 fontibus
1319 1204 1427 1245 bene

108 1262 273 1316 adiecit,
305 1262 388 1303 alia
411 1277 518 1317 quae
537 1264 688 1317 poetae
712 1261 919 1317 refragari
938 1262 1204 1317 videbantur,
1236 1265 1284 1303 ut
1316 1266 1428 1305 cata-

105 1321 253 1376 logum
289 1321 465 1362 navium
502 1321 805 1375 praetermisit,
844 1336 1104 1377 quamquam
1148 1336 1427 1376 personarum

106 1379 435 1434 descriptionem
469 1380 597 1421 addit.
634 1380 686 1421 In
719 1380 973 1434 quibusdam
1007 1381 1198 1435 sequitur
1231 1380 1428 1422 Ovidium

104 1438 144 1493 (I
180 1440 263 1480 174
290 1453 404 1493 seqq.
438 1439 491 1480 cf.
522 1438 694 1480 Metam.
716 1439 811 1493 VII,
842 1439 906 1480 VI
927 1439 1013 1480 370
1041 1440 1091 1481 cf.
1129 1438 1302 1481 Metam.
1321 1439 1429 1481 XIII

105 1498 192 1539 476
225 1496 370 1553 seqq),
421 1496 605 1539 Statium
646 1497 685 1553 (I
721 1498 816 1551 166,
864 1498 945 1539 199
981 1512 1094 1553 seqq.
1128 1498 1179 1540 cf.
1228 1498 1359 1540 Theb.
1388 1498 1428 1540 V

105 1557 191 1598 513
224 1571 350 1611 seqq„
380 1555 443 1598 VI
474 1557 560 1598 483
594 1556 645 1598 ef.
671 1556 826 1598 Achill.
847 1556 889 1597 II
910 1557 936 1598 3
958 1556 1105 1613 seqq),
1125 1558 1170 1598 in
1190 1557 1274 1599 fine
1295 1558 1425 1599 etiam

104 1615 265 1670 Dictyn
296 1614 377 1669 (VI
412 1616 496 1658 879
531 1630 644 1670 seqq.
690 1615 740 1657 ef.
781 1615 891 1657 Dict.
923 1615 986 1657 VI
1021 1617 1041 1657 1
1085 1616 1218 1671 seqq.)
1262 1617 1340 1671 vel,
1384 1617 1426 1658 id

105 1674 218 1730 quod
255 1675 361 1716 mihi
400 1675 538 1730 magis
576 1675 728 1729 probat
901 1676 1058 1717 'tomen
1098 1676 1267 1730 qualem
1301 1690 1429 1730 supra

105 1749 144 1788 p.
181 1732 266 1775 VII
313 1734 661 1788 commemoravi,
710 1748 811 1775 nam
861 1734 1021 1788 pariter
1081 1737 1208 1789 atque
1258 1735 1303 1776 in
1353 1735 1427 1776 illa

107 1792 268 1834 factum
289 1795 354 1834 est
372 1795 499 1847 poeta
518 1807 567 1834 ea
587 1807 693 1848 quae
708 1792 770 1835 VI
789 1793 936 1835 4—15
957 1793 1232 1834 continentur
1254 1794 1426 1835 omittit.

103 1850 204 1893 Non
235 1853 398 1894 minore
429 1852 626 1894 libertate
659 1867 788 1907 quam
807 1851 944 1893 Dares
972 1852 1018 1893 in
1049 1852 1298 1894 nominibus
1330 1867 1426 1907 pro—

106 1910 210 1964 priis
256 1911 407 1966 utitur,
451 1925 539 1953 non
583 1925 679 1952 raro
724 1911 854 1952 etiam
897 1925 947 1952 ea
990 1911 1132 1966 finxit,
1175 1914 1223 1952 ut
1259 1910 1300 1952 V
1338 1912 1424 1953 246

102 1968 452 2024 Hyphitonenses
472 1969 534 2011 VI
554 1969 639 2011 239
659 1968 825 2024 Lybida
860 1970 943 2012 241
978 1970 1132 2012 Achon
1165 1970 1251 2011 242
1284 1969 1424 2024 Thyo-

103 2027 251 2070 damas
283 2031 360 2070 etc.
393 2031 470 2070 ete.
502 2029 587 2070 alia
616 2029 677 2070 ita
708 2029 902 2084 mutavit,
936 2031 982 2071 ut
1013 2030 1141 2084 plane
1173 2030 1422 2085 recognosci

202 2180 227 2225 ¹)
252 2180 357 2216 Libri
381 2192 494 2216 manu
521 2180 651 2226 scripti
671 2181 755 2227 pari
774 2181 884 2217 modo
904 2181 1076 2227 inscripti
1095 2181 1208 2217 fuisse
1228 2181 1415 2216 videntur.-

102 2225 232 2262 Leodii
257 2229 313 2263 est
338 2228 453 2264 codex
478 2228 627 2264 Daretis
652 2228 808 2275 Phrygii
834 2229 879 2264 de
903 2228 1004 2264 bello
1026 2228 1186 2264 Troiano
1209 2228 1296 2264 libri
1318 2239 1379 2263 sex
1401 2239 1423 2262 a

103 2273 274 2310 Cornelio
286 2275 433 2320 Nepote
453 2275 492 2310 in
504 2275 664 2311 latinum
679 2286 886 2312 sermonem
906 2276 1076 2312 conversi
1090 2276 1135 2311 cf.
1152 2275 1277 2322 Serap.
1293 2275 1325 2310 V
1341 2279 1420 2310 208.

1165 2347 1206 2373 b*
