1607 2536
227 135 338 164 xmo
716 119 1046 155 PRAEFATm.

230 214 449 269 Mysiam.“
500 241 554 245 —
601 214 804 270 „Scripsit
847 215 979 257 Dares
1024 216 1135 270 quod
1181 231 1228 257 00
1273 217 1338 258 die
1387 217 1538 272 troilus

229 275 387 315 multos
431 275 586 315 milites
630 274 842 316 interfecit
885 289 935 315 ex
979 274 1139 329 grecis“
1183 275 1264 319 (De
1314 275 1536 317 undecimo

239 332 370 386 bello)
403 333 452 373 cf.
484 332 619 374 Dares
650 348 690 386 p.
723 334 790 386 35,
833 333 884 374 19
917 333 1083 386 „prodit
1114 333 1158 373 in
1190 334 1327 387 primo
1359 333 1539 386 Troilus,
1566 360 1569 362 -

232 391 370 433 caedit
401 391 628 444 (levastat“,
661 394 703 431 et
732 391 875 445 paullo
907 391 1019 432 infra
1049 392 1229 445 „multos
1263 392 1388 433 duces
1415 392 1541 446 Argi-

233 464 386 490 vorum
425 449 593 490 Troilus
635 450 858 491 inte1·ficit“
890 475 944 479 —
975 449 1138 503 „Quare
1182 450 1341 491 sciendi
1379 450 1542 491 fervore

233 509 374 562 ipsum
407 521 636 562 agnoscere
675 509 863 563 gestiunt
902 523 1048 549 omnes
1088 511 1295 562 astantes,
1334 511 1544 563 quaerunt

234 567 324 607 eius
357 567 544 620 comites,
576 566 686 607 unde
725 567 810 607 sint
841 569 882 608 et
915 567 1152 620 specialiter
1184 567 1276 621 quis
1311 567 1366 608 sit
1397 566 1544 608 Paris‘⁴

234 624 318 678 (De
355 639 531 666 numero
569 624 742 666 navium
781 640 884 680 quas
917 625 1091 666 Troiani
1129 626 1339 666 duxerunt
1376 626 1421 666 in
1453 639 1544 680 gre-

233 698 381 725 corum
413 683 801 738 depopulationem)
834 684 883 725 cf.
915 683 1049 724 Dares
1081 685 1208 737 912,
1240 685 1267 724 4
1297 684 1366 737 „hi
1398 684 1469 738 qui
1500 684 1547 724 in

233 742 375 783 insula
395 745 526 795 erant,
546 742 812 783 mirabantur
831 743 1010 783 classem
1029 743 1202 796 regiam,
1221 742 1546 797 interrogabant

236 801 290 842 ab
321 800 404 841 illis
438 801 510 854 qui
541 815 638 841 cum
658 799 900 842 Alexandro
921 803 1137 854 venerant,
1169 801 1241 855 qui
1261 803 1414 854 essent,
1447 800 1548 854 quid

238 859 479 900 venissent“
512 884 566 887 —
604 858 834 912 Praecipue
877 861 1017 900 autem
1059 860 1276 913 complura
1316 874 1423 914 quae
1469 859 1547 900 sub

235 918 366 958 finem
408 917 507 958 libri
543 918 782 958 invenimus
830 932 925 958 cum
966 917 1121 958 Darete
1165 919 1454 970 consentiunt,
1502 920 1550 957 ut

238 977 359 1017 haec:
392 976 462 1030 „in
480 976 564 1017 fine
583 978 728 1016 tamen
748 977 885 1029 operis
908 977 972 1017 sui
991 976 1070 1017 hoc
1092 976 1269 1017 addidit:
1302 975 1550 1031 Pugnatum

239 1038 305 1076 est
345 1035 468 1075 annis
511 1035 654 1076 decem
694 1035 911 1075 mensibus
953 1049 1026 1075 sex
1067 1035 1212 1076 diebus
1251 1035 1472 1076 duodecim
1509 1037 1552 1075 et
1606 1045 1607 1059 ¹

238 1094 290 1134 de
323 1092 468 1134 Grecis
499 1093 672 1133 fuerunt
703 1093 814 1146 apud
846 1093 1017 1134 Troiam
1050 1093 1295 1148 octingenta
1328 1108 1400 1134 sex
1433 1094 1549 1134 milia

238 1154 538 1206 pugnatorum.
601 1151 774 1192 Troiani
794 1166 892 1192 vero
912 1154 1151 1206 pugnantes
1173 1152 1244 1206 qui
1272 1166 1348 1205 pro
1382 1152 1552 1193 civitate

239 1212 335 1265 ipsa
367 1210 629 1251 defendenda
661 1212 969 1264 pugnaverunt,
1001 1210 1174 1250 fuerunt
1206 1213 1403 1251 sexcenta
1434 1210 1578 1265 milia*

242 1269 515 1323 septuaginta
547 1283 630 1310 seX.
651 1268 771 1309 Dixit
802 1269 931 1309 etiam
961 1283 1109 1321 naves,
1142 1283 1237 1309 cum
1269 1269 1420 1323 quibus
1454 1283 1551 1309 exu-

238 1328 346 1368 lavit
393 1327 536 1368 Encas
581 1326 713 1368 fuisse
757 1327 959 1368 ducentas
1006 1329 1047 1368 et
1091 1342 1185 1368 cum
1230 1327 1381 1382 quibus
1427 1328 1555 1368 etiam

240 1385 361 1427 Paris
399 1386 445 1426 in
483 1385 678 1427 Greciam
716 1385 798 1426 fuit
834 1386 1058 1439 profectus.
1120 1385 1294 1427 Troiani
1325 1389 1441 1439 vero,
1484 1386 1556 1440 qui

242 1444 375 1486 secuti
408 1446 507 1485 sunt
525 1444 830 1494 Anthenorem,
861 1444 1033 1485 fuerunt
1059 1445 1140 1485 duo
1173 1445 1291 1485 milia
1322 1444 1555 1499 quingenti,

243 1503 372 1544 ceteri
411 1504 544 1544 secuti
583 1506 683 1543 sunt
719 1502 909 1544 Eneam“
945 1503 995 1544 cf.
1028 1503 1162 1544 Dares
1194 1519 1232 1557 p.
1266 1503 1339 1556 52,
1377 1503 1403 1543 3
1443 1517 1557 1557 seqq.

242 1561 306 1603 Ac
336 1576 389 1602 ne
422 1562 522 1616 quid
543 1562 708 1602 deesset
727 1576 972 1615 consensus,
992 1564 1207 1615 postremo
1227 1562 1374 1602 tabula
1392 1575 1556 1616 pugna-

240 1623 401 1673 torum,
446 1620 496 1660 de
529 1635 612 1674 qua
642 1635 682 1673 p.
708 1619 779 1660 IX.
806 1620 1002 1673 disserui,
1049 1620 1243 1673 adicitur,
1287 1621 1332 1660 in
1364 1635 1447 1674 qua
1477 1620 1557 1661 hoc

243 1681 414 1719 tantum
463 1678 567 1718 mihi
618 1681 770 1719 notatu
815 1679 992 1733 dignum
1023 1679 1200 1731 videtur,
1245 1679 1357 1732 quod
1400 1679 1556 1719 rectius

243 1752 372 1791 quam
404 1737 450 1777 in
482 1736 599 1778 codd.
632 1751 737 1791 quos
777 1737 970 1791 equidem
1010 1738 1190 1791 cognovi
1222 1736 1479 1790 Epistropus
1520 1739 1561 1777 et

243 1795 397 1837 Uedius
418 1794 461 1850 (i.
483 1809 516 1836 0.
534 1795 822 1849 Epistrophus
843 1797 885 1836 et
904 1794 1126 1849 Schedius)
1145 1795 1191 1835 in
1210 1809 1387 1836 numero
1408 1809 1556 1836 eorum

249 1856 350 1895 sunt
381 1868 486 1908 quos
518 1853 678 1895 Hector
709 1854 931 1895 interfecit.

363 1912 421 1953 Iis
466 1927 572 1966 quae
619 1913 769 1954 ultimo
807 1913 900 1954 loco
939 1913 1081 1953 addidi
1120 1912 1320 1953 Dare-tem
1359 1912 1397 1953 ei
1434 1912 1559 1966 plane
1591 1943 1595 1947 .

245 1971 392 2011 eadem
424 1972 561 2012 forma
593 1987 677 2026 qua
707 1971 831 2012 nobis
852 1972 1071 2026 cognitum
1090 1971 1221 2012 fuisse
1242 1971 1563 2025 comprobatur:

246 2044 298 2070 ex
337 2029 509 2083 reliquis
552 2033 694 2070 autem
736 2044 842 2084 quae
883 2030 1125 2084 comparavi
1165 2030 1245 2071 hoc
1285 2029 1562 2070 manifestum

247 2102 340 2129 esse
379 2102 528 2129 censeo
567 2089 842 2141 praecipuum
880 2089 967 2129 eius
1006 2089 1168 2129 fontem
1198 2088 1328 2129 fuisse
1361 2087 1563 2128 Daretem

248 2146 617 2201 Francogallicum
651 2147 811 2187 scilicet
842 2143 1131 2188 Benedictum.
1192 2146 1285 2187 Hoc
1318 2146 1449 2187 etiam
1481 2146 1564 2187 cla-
1600 2150 1603 2153 ’

248 2206 415 2246 rissime
447 2205 583 2246 elucet
614 2219 664 2246 ex
694 2206 838 2246 multis
870 2205 1115 2246 nominibus
1146 2205 1329 2258 propriis
1351 2205 1564 2258 corruptis

250 2264 318 2304 vel
357 2264 468 2305 fictis
511 2278 617 2318 quae
659 2279 709 2304 ex
750 2264 822 2305 illo
864 2263 951 2304 fere
987 2263 1156 2317 recepit.
1218 2262 1336 2304 Inter
1381 2262 1565 2304 Graecos

248 2322 374 2363 duces
412 2323 690 2364 nominantur
721 2322 875 2364 'Pedius
908 2323 957 2363 de
990 2335 1122 2377 regno
1154 2321 1362 2376 Forcfflis,
1401 2320 1568 2363 Dorion
