1607 2536
399 109 462 143 DE
488 108 685 143 EXCIDlO
713 108 892 143 TROIAE
918 108 1160 144 HISTORIA.
1383 110 1438 151 35

130 205 279 260 Argivi
311 205 482 258 cedunt,
525 204 571 244 in
608 207 747 244 castra
779 204 1049 258 confugiunt:
1092 203 1267 245 Troiani
1297 218 1438 258 perse-

132 267 301 317 cuntur,
333 266 472 305 castra
505 263 774 316 obpugnant,
814 276 944 302 naves
976 262 1219 303 incendunt.
1280 262 1439 304 Achilli

129 322 374 363 nuntiatum
406 325 487 375 est,
519 320 769 362 dissimulat.
826 321 935 361 Aiax
968 320 1240 362 Telamonius
1272 321 1439 362 fortiter

131 381 329 422 defendit.
395 394 480 422 nox
516 379 725 434 proelium
770 378 940 420 dirimit.
1016 380 1168 434 Argivi
1204 380 1250 420 in
1288 381 1437 421 castri-3

129 439 369 481 Palamedis
419 438 640 480 scientiam
684 438 943 492 aequitatem
993 438 1261 479 clementiam
1317 439 1436 480 boni—
1458 448 1473 473 5

128 501 262 539 tatem
315 499 616 539 lamentantur.
697 496 870 538 Troiani
923 495 1211 551 Sarpedonem
1255 500 1297 538 et
1339 496 1437 538 Dei-

127 557 317 610 phobum
350 556 516 597 deflent.

245 614 401 656 XXIX.
480 613 638 656 Nestor
694 614 766 669 qui
816 614 952 655 maior
1006 618 1111 655 natu
1162 617 1253 655 erat
1308 618 1437 656 noctu

128 673 322 715 ductores
359 674 405 714 111
436 673 660 715 0011811111111
697 676 821 714 vocat
853 673 1002 714 suadet
1031 673 1245 726 hortat-ur,
1281 676 1329 714 ut
1359 674 1436 714 1111-

126 737 366 786 peratorem
391 732 639 786 praeficiant
670 735 712 772 et
744 732 779 773 si
805 732 865 773 eis
891 731 1083 773 videatur
1111 731 1292 773 eundem
1320 731 1435 787 Aga-

127 805 397 833 memnonem
432 791 608 832 minima
640 805 735 832 cum
767 790 978 831 discordia
1008 791 1097 831 fieri
1129 804 1265 844 posse.
1327 790 1436 832 Item

128 853 449 904 commemorat,
488 849 588 891 dum
625 850 695 890 ille
732 849 964 903 imperator
1000 848 1099 903 fuit,
1136 864 1203 890 res
1236 863 1436 903 prospere

127 908 311 963 cessisse,
350 909 516 950 felicem
561 908 691 949 fuisse
733 908 981 949 exercitum:
1015 908 1050 949 si
1091 908 1157 949 cui
1190 908 1291 962 quid
1322 908 1435 949 aliud

126 942 319 1009 videatui·
350 967 487 1008 dicere
520 967 679 1008 suadet.
730 981 877 1008 omnes
910 966 1174 1020 adsentiunt,
1205 966 1435 1021 Agamem·

125 1039 283 1067 nonem
328 1040 540 1067 summum
583 1026 884 1090 imperatorem
928 1025 1191 1079 piaeficiunt.
1264 1028 1435 1079 postera
1473 1041 1489 1058 ο

126 1084 191 1125 (110
223 1084 396 1126 Troiani
429 1085 588 1126 alacres
620 1084 665 1125 in
699 1084 831 1125 aciem
862 1084 1083 1137 prodeunt.
1134 1084 1435 1139 Agamemnon

125 1143 354 1185 exercitum
392 1146 540 1185 contla
578 1143 728 1184 educit.
796 1142 957 1196 proelio
998 1143 1225 1184 commisso
1256 1146 1434 1197 uterque

125 1202 332 1243 exercitus
375 1202 486 1243 inter
537 1215 580 1242 se
630 1205 803 1256 pugnat.
876 1204 1104 1256 postquam
1157 1201 1293 1243 maior
1335 1216 1434 1255 pars

123 1260 207 1300 diei
232 1260 421 1314 transiit,
452 1260 595 1315 prodit
619 1260 664 1301 in
690 1259 828 1314 primo
848 1259 1035 1314 Troilus,
1067 1260 1203 1301 caedit
1230 1259 1434 1314 devastat,

123 1319 309 1374 Argivos
363 1319 409 1360 in
458 1321 597 1360 castra
651 1319 785 1373 fugat.
863 1322 1035 1373 postera
1085 1319 1150 1360 die
1201 1319 1431 1360 exercitum

124 1376 297 1419 Troiani
340 1377 545 1419 educunt:
591 1380 740 1419 contra
782 1377 1094 1432 Agamemnon.
1161 1377 1210 1419 fit
1246 1377 1432 1419 maxima

123 1435 289 1491 caedes,
335 1440 511 1491 uterque
549 1436 757 1477 exercitus
806 1436 918 1477 inter
966 1450 1010 1477 se
1053 1439 1219 1491 pugnat
1268 1436 1431 1478 acriter.

123 1494 279 1536 multos
312 1494 437 1536 duces
469 1495 727 1550 Argivorum
760 1494 926 1536 Troilus
958 1495 1168 1536 interficit.
1216 1498 1432 1550 pugnatur

123 1553 336 1595 continuis
381 1553 528 1595 diebus
572 1552 669 1594 VII.
743 1553 1044 1608 Agamemnon
1093 1553 1280 1595 indutias
1324 1554 1432 1607 petit

121 1611 166 1652 in
199 1611 302 1653 duos
335 1626 514 1653 menses.
576 1611 834 1653 Palameden
872 1612 1098 1668 magnifico
1133 1612 1279 1654 funere
1312 1612 1431 1654 effert
1469 1627 1485 1644 0

122 1673 367 1725 ceterosque
388 1670 513 1712 duces
535 1685 582 1712 ac
606 1671 763 1712 milites
790 1671 957 1725 utrique
985 1671 1250 1725 sepeliendos
1271 1675 1432 1712 curant.

217 1801 233 1832 1
268 1797 399 1843 Argivi
430 1797 568 1832 cedunt
605 1799 834 1842 transposui,
874 1799 911 1832 ιή
945 1798 1049 1832 libris
1085 1801 1135 1832 est
1165 1802 1249 1842 post
1281 1798 1427 1834 occiso,

119 1843 279 1888 turpiter
303 1844 434 1889 Argiui
459 1846 566 1890 terga
585 1847 736 1880 uertunt
759 1845 843 1879 add.
865 1844 897 1879 G
917 1848 1001 1879 ante
1025 1845 1063 1879 in
1089 1846 1212 1879 castra
1235 1847 1239 1888 Ι
1260 1855 1431 1890 persequ.

121 1890 154 1925 G
251 1894 270 1924 2
298 1901 434 1937 oppug.
462 1891 496 1926 G
592 1895 612 1926 3
639 1891 832 1926 nuntiatur
858 1891 890 1926 G
914 1894 917 1934 1
940 1891 1141 1926 fortissime
1167 1891 1200 1926 G
1298 1895 1318 1926 5
1344 1891 1429 1927 bon.

120 1937 223 1972 clem.
251 1936 285 1972 G
382 1942 402 1973 6
428 1938 551 1983 deiph.
586 1941 623 1973 et
655 1948 752 1983 sarp.
780 1937 813 1974 G
910 1942 930 1974 8
963 1941 1070 1973 110010
1102 1938 1136 1972 L
1235 1943 1276 1973 12
1310 1938 1368 1973 his
1393 1938 1434 1972 F

118 1983 235 2018 isdem
261 1983 295 2019 G
351 1984 415 2020 ille
445 1984 480 2018 L
511 1989 515 2028 ι
546 1986 644 2019 esset
674 1984 707 2018 L
739 1989 742 2026 1
773 1995 830 2020 res
863 1995 929 2020 om.
962 1984 995 2020 G
1103 1990 1144 2020 13
1171 1988 1317 2031 gestum
1350 1996 1429 2021 esse

119 2030 210 2066 satis
237 2030 270 2066 G
319 2030 410 2066 satis
434 2031 469 2066 L
493 2032 588 2076 quod
613 2034 823 2076 corruptum
848 2042 918 2067 esse
937 2035 1030 2076 puto
1055 2042 1098 2067 ea:
1124 2032 1277 2068 cessisse
1301 2034 1304 2075 1
1328 2032 1430 2067 aliud

119 2077 206 2122 quid
233 2077 381 2113 uidetur
412 2077 444 2113 G
548 2082 592 2113 14
623 2078 835 2114 assenciunt
869 2078 902 2114 G
1007 2083 1049 2115 16
1075 2079 1232 2124 alacres]
1258 2079 1348 2115 laeti
1385 2090 1429 2114 ex

118 2124 256 2170 oppido
288 2125 322 2160 G
427 2129 467 2161 18
494 2127 682 2171 pugnatur
710 2125 744 2159 L
791 2125 944 2172 sugatur
978 2125 1028 2169 G,
1054 2136 1119 2161 nos
1143 2128 1288 2172 pugnat
1386 2130 1428 2160 19

117 2171 257 2215 prodiit
282 2171 315 2207 G
338 2174 342 2215 1
364 2172 402 2207 in
433 2172 554 2217 primo
579 2173 654 2208 scil.
682 2173 824 2217 agmine
849 2173 953 2216 libri,
978 2176 1019 2208 ut
1045 2174 1148 2216 infra
1172 2185 1206 2218 p.
1234 2177 1297 2216 39,
1329 2178 1364 2215 1,
1391 2172 1427 2207 in

118 2217 246 2262 primis
272 2219 354 2254 edit.
388 2218 507 2254 Venet.
531 2221 534 2263 Ι
557 2219 657 2255 cedit
682 2219 715 2255 G
812 2223 857 2255 20
882 2222 926 2255 tr.
954 2231 1070 2255 exerc.
1093 2219 1125 2256 G
1222 2224 1263 2254 21
1292 2230 1429 2265 magna

117 2263 223 2300 cedes
243 2264 276 2300 G
373 2269 416 2301 22
442 2268 613 2312 pugnant
632 2266 691 2301 G¹
688 2288 691 2309 1
715 2266 864 2319 acriter]
885 2279 939 2312 pr.
961 2277 1044 2302 acre
1065 2267 1107 2302 fit
1127 2266 1159 2302 G
1251 2271 1294 2302 23
1315 2267 1426 2301 inter-

116 2310 206 2346 fecit
230 2311 315 2347 L¹G
363 2313 540 2348 interficit
564 2313 597 2347 L
695 2318 739 2349 26
767 2313 896 2358 utique
923 2326 951 2349 s.
977 2316 1083 2349 curat
1109 2314 1152 2348 G

1160 2374 1210 2406 3*

1457 740 1489 765 10

1452 1327 1486 1352 20
