1607 2536
334 139 414 173 'DE
441 137 637 173 EXCIDIO
666 138 845 173 TROIAE
872 139 1115 174 HISTORIA.
1331 142 1385 180 49

81 235 230 278 suadet
248 234 503 289 Polydamas
529 236 658 275 noctu
685 233 913 275 exercitum
940 234 993 275 ad
1019 238 1186 289 portam
1213 234 1388 277 Scaeam

81 295 310 346 adducant,
352 293 424 334 ubi
462 293 723 334 extrinsecus
762 296 890 347 caput
927 294 1024 348 equi
1063 294 1274 347 sculptum
1312 299 1387 342 est,

80 354 140 395 ibi
177 352 390 407 praesidia
425 351 582 393 habere
618 354 749 392 noctu
786 352 1049 393 Antenorem
1086 355 1127 393 et
1158 352 1387 405 Anchisen,

80 411 282 453 exercitui
307 411 565 466 Argivorum
591 413 760 464 portam
786 414 1045 452 reseratur-os
1072 411 1215 466 eisque
1244 412 1388 452 lumen

81 471 339 525 prolaturos,
370 469 413 510 id
444 469 614 524 signum
647 469 882 523 eruptionis
914 470 1016 511 fore.

198 528 307 570 XLI.
369 527 604 582 Postquam
635 531 761 581 pacta
799 528 911 570 dicta
948 529 1240 570 demonstrata
1278 534 1389 582 sunt,

80 587 336 642 Polydamas
367 587 412 627 in
445 586 648 640 oppidum
680 587 808 640 redit,
846 602 933 628 rem
972 590 1186 642 peractam
1218 588 1388 629 nuntiat

82 646 261 699 dicitque
282 645 492 686 Antenori
512 648 554 686 et
568 645 736 686 Aeneae
758 646 991 701 ceterisque
1013 647 1165 701 quibus
1186 646 1388 699 placitum

81 708 189 757 erat,
221 705 285 745 uti
311 718 410 745 suos
430 718 578 745 omnes
609 704 655 744 in
675 718 768 745 eam
801 708 965 759 partem
998 705 1228 758 adducant,
1260 709 1389 746 noctu

82 762 257 805 Scaeam
304 766 471 816 port-am
523 763 734 816 aperiant,
784 764 927 805 lumen
976 764 1223 816 ostendant,
1274 778 1386 805 exer-

81 823 212 864 citum
244 822 458 863 inducant.
519 821 714 863 Antenor
750 825 792 863 et
829 823 996 863 Aeneas
1035 825 1164 864 noctu
1204 823 1256 864 ad
1294 837 1389 876 por-

80 884 169 922 tam
196 883 365 934 praesto
391 880 580 934 fuerunt,
606 879 935 935 Neoptolemum
963 884 1250 935 susceperunt,
1275 896 1389 922 exer-

81 939 185 980 citui
210 942 377 993 portam
403 942 714 993 reseraverunt,
746 940 888 982 lumen
919 940 1212 993 ostenderunt,
1244 940 1388 994 fugam

81 998 291 1052 praesidio
346 998 427 1039 sibi
478 998 649 1052 suisque
699 1002 746 1039 ut
797 999 853 1040 sit
907 999 1192 1053 providerunt.
1278 998 1389 1040 Neo-

81 1057 291 1110 ptolemus
336 1056 593 1110 praesidium
632 1057 722 1110 dat,
765 1057 960 1099 Antenor
1004 1072 1099 1098 eum
1144 1058 1189 1098 111
1227 1058 1388 1112 regiam
1429 1070 1441 1092 ἰ

81 1115 212 1168 ducit,
238 1116 311 1156 ubi
337 1115 532 1156 Troianis
559 1116 745 1169 positum
772 1117 1030 1170 praesidium
1057 1119 1157 1157 erat.
1203 1115 1389 1170 Neopto-

80 1174 215 1215 lemus
248 1174 292 1214 in
324 1173 488 1228 regiam
518 1174 807 1228 inruptionem
845 1175 965 1229 facit,
1003 1175 1209 1217 Troianos
1242 1175 1389 1227 caedit,

80 1232 296 1273 Priamum
316 1232 595 1287 persequitur,
616 1248 741 1287 quem
763 1237 860 1274 ante
882 1248 999 1275 aram
1018 1234 1131 1275 Iovis
1152 1234 1388 1275 obtruncat.

80 1290 257 1332 Hecuba
295 1291 394 1332 dum
431 1291 543 1345 fugit
579 1305 674 1332 cum
713 1292 944 1347 Polyxena,
981 1293 1148 1333 Aeneas
1191 1293 1388 1335 occurrit:

81 1349 297 1404 Polyxena
346 1350 477 1390 tradit
525 1363 566 1391 sc
615 1351 670 1403 ei,
727 1366 854 1406 quain
904 1352 1072 1393 Aeneas
1123 1351 1175 1392 ad
1225 1355 1389 1405 patrem
1410 1365 1431 1387 ι’·

81 1408 299 1449 Anchisen
338 1408 571 1450 abscondit.
639 1410 937 1451 Andromacha
983 1413 1025 1451 et
1063 1409 1302 1451 Cassandra
1346 1426 1389 1450 sc

179 1600 193 1628 1
224 1595 349 1629 suadit
374 1594 407 1628 L
429 1594 434 1639 Ι
457 1604 579 1629 sceam
606 1595 639 1629 G
746 1599 764 1629 ‘2
792 1595 845 1630 ibi
871 1595 905 1629 L
926 1598 930 1639 1
954 1595 1074 1640 capud
1100 1596 1133 1629 L
1229 1600 1249 1629 3
1277 1596 1311 1629 h.
1339 1596 1389 1630 ibi

83 1654 136 1686 pr.
165 1641 197 1676 G
220 1643 225 1684 Ι
247 1643 359 1676 noctu
385 1652 450 1675 om.
478 1641 528 1683 G,
555 1642 638 1676 add.
666 1645 750 1676 aute
774 1644 920 1687 portam
944 1644 947 1686 1
971 1645 1046 1677 ant.
1073 1654 1156 1677 011111
1182 1642 1332 1678 anchise
1359 1643 1389 1675 G

81 1693 102 1722 4
141 1688 317 1723 exercitui
359 1689 446 1733 Arg.
483 1699 549 1723 om.
585 1688 618 1723 G
652 1689 736 1723 add.
772 1700 833 1724 cos
938 1695 958 1724 5
993 1690 1198 1734 eruptionis
1230 1690 1318 1725 foris
1361 1690 1392 1723 L

84 1734 300 1780 irruptionis
326 1735 404 1770 fore
437 1735 470 1769 G
497 1739 589 1769 tum.-
616 1735 760 1779 dicunt,
788 1737 852 1780 qui
878 1737 930 1771 ibi
956 1739 1079 1782 presto
1109 1738 1229 1772 forent
1255 1737 1318 1781 qui
1345 1737 1391 1771 ad

425 1790 442 1808 a

81 1826 207 1861 regem
251 1827 313 1851 eos
350 1817 490 1852 ducunt
593 1821 613 1852 6
648 1818 867 1864 Postquain]
895 1830 1077 1863 nusquam
1111 1819 1143 1852 L
1171 1820 1175 1861 Ι
1204 1819 1303 1863 pacti
1329 1819 1360 1852 L
1386 1823 1387 1838 ³

83 1875 185 1909 dicta
211 1874 480 1921 demonstrata]
502 1876 592 1910 data
617 1876 650 1911 G
755 1881 772 1911 ‘a'
800 1877 937 1912 factam
964 1877 997 1911 G
1100 1884 1119 1910 S
1147 1877 1237 1911 dicit
1264 1877 1297 1912 G
1347 1877 1391 1911 dc

83 1921 162 1956 uita
200 1932 348 1965 quoque
386 1922 437 1964 L,
478 1924 573 1957 mide
610 1924 742 1967 scripsi
782 1924 945 1968 dicitque
975 1927 978 1967 1
1007 1925 1194 1959 antenoris
1232 1924 1390 1968 1411111-

81 1968 214 2013 citum]
246 1970 395 2003 cautum
434 1968 467 2004 G
587 1975 607 2004 9
653 1972 694 2005 ut
733 1970 772 2005 hi
808 1971 902 2013 LG,
945 1972 1075 2015 scripsi
1118 1971 1171 2006 uti
1201 1973 1206 2014 Ι
1235 1972 1271 2006 111
1309 1984 1389 2005 caui

81 2017 227 2060 partem
264 2015 298 2049 L
334 2016 376 2050 13η
412 2027 525 2060 mary.
590 2016 637 2051 ad
681 2027 762 2052 eain
806 2020 950 2062 partein
994 2018 1089 2053 muri
1131 2018 1164 2053 G
1275 2023 1316 2053 10
1356 2031 1389 2062 p.

81 2072 204 2096 sceani
231 2061 263 2096 G
363 2067 401 2097 11
433 2063 594 2098 educant
613 2063 646 2098 G
696 2064 934 2100 introducant
955 2065 994 2099 F
1091 2070 1130 2100 13
1158 2065 1268 2110 fugae
1290 2077 1390 2109 prue-

81 2108 218 2143 sidium
246 2109 449 2144 Meo-cerins
549 2114 590 2145 14
614 2112 656 2145 ut
681 2114 778 2146 esset
805 2112 1008 2147 Mer-cerins
1108 2117 1148 2147 16
1176 2112 1240 2146 ubi
1256 2132 1297 2137 —
1313 2117 1387 2146 erat

82 2165 147 2190 om.
180 2155 214 2190 G
312 2160 353 2191 17
386 2156 483 2191 cedit
518 2157 551 2192 G
662 2162 703 2193 18
744 2160 829 2194 ante
864 2170 967 2194 arani
1003 2159 1097 2194 iovis
1130 2159 1161 2193 L
1199 2161 1237 2194 in
1278 2170 1389 2203 »ear-51.

82 2205 190 2237 antea
221 2202 259 2238 in
290 2205 429 2238 terram
541 2209 582 2239 19
623 2204 823 2241 haecubac.
856 2218 892 2251 p.
925 2207 959 2241 d.
993 2206 1015 2241 f.
1057 2217 1185 2241 eneam
1225 2206 1389 2241 incurrit.

82 2249 303 2293 polyxenam
329 2250 363 2285 ei
387 2251 514 2286 tradit.
558 2251 679 2287 Eneas
706 2252 740 2288 G
836 2257 881 2288 ‘20
908 2265 942 2299 p.
969 2253 1186 2288 tradidisset
1211 2253 1244 2287 ei
1271 2253 1303 2287 L
1326 2256 1329 2295 1
1354 2266 1390 2287 sc

82 2295 211 2331 addidi
238 2298 382 2378 leuem
413 2298 447 2332 L
548 2302 590 2333 21
621 2298 795 2335 anchisen
821 2311 904 2334 eam
930 2300 1028 2336 absc.
1055 2300 1087 2335 G
1110 2302 1114 2343 Ι
1138 2300 1175 2334 111
1210 2300 1314 2336 edem
1344 2312 1389 2333 in.

82 2352 120 2377 se
146 2353 220 2378 occ.

152 2408 259 2433 DAutes
280 2410 452 2435 ΡηιμηῐῐτεΔ
1159 2410 1176 2437 4

1410 778 1441 800 111
