1607 2536
33 396 45 584 κβ.»-
36 382 37 388 ᾼ
34 246 45 372 -ξ-,Ῠ
42 228 43 233 Α

27 612 37 694 Κ,·

610 67 944 103 PRAEFATIO.
1329 81 1442 110 XXIII

339 166 399 221 Co
432 165 494 206 dit
525 164 674 206 Daires
708 164 780 219 qui
810 178 888 217 par
918 165 985 204 tot
1015 164 1072 216 fu,

339 224 517 265 Milliers
551 223 601 264 de
635 237 740 278 genz
771 223 786 263 i
819 224 895 263 ont
925 222 1073 276 perdu.

245 284 343 325 Alia
375 298 482 338 quae
515 298 540 323 a
571 281 729 323 Darete
760 280 888 322 m‘odo
920 280 1107 322 indicata
1140 282 1241 321 sunt
1273 280 1325 320 ab
1358 279 1439 320 hoc

125 343 341 397 copiosius
374 344 659 396 exponuntur:
697 341 759 382 ita
791 355 887 382 cum
918 340 988 380 ille
1020 339 1257 380 narraverit
1288 337 1346 392 (p.
1373 338 1442 391 32,

129 401 204 458 22)
241 401 499 456 „Postquam
532 401 633 441 anni
672 400 760 441 dies
798 400 916 440 venit
953 413 1036 453 quo
1056 397 1217 440 Hector
1251 397 1440 452 sepultus

128 463 193 502 est
211 460 406 501 Priamus
439 462 481 500 et
511 459 688 501 Hecuba
721 461 764 500 et
781 458 998 512 Polyxena
1031 458 1242 511 ceterique
1263 456 1440 497 Troiani

129 519 182 560 ad
201 518 399 560 Hectoris
433 518 703 572 sepulchrum
733 517 915 572 profecti
949 516 1072 558 sunt“
1103 516 1172 557 hic
1204 515 1260 570 (v.
1297 514 1437 556 17457

129 576 352 632 -17490)
382 577 563 632 triginta
595 580 637 618 et
669 577 851 631 amplius
877 576 1071 617 versibus
1101 574 1213 615 idem
1240 573 1442 615 describit

129 639 172 678 et
192 637 304 691 quod
323 637 394 677 ille
414 635 472 692 (p.
493 636 561 690 26,
584 634 656 691 18)
675 636 742 677 his
768 635 908 676 verbis
927 634 1111 689 „Hector
1129 632 1441 688 Epistrophum

131 695 357 737 Schedium
395 695 571 737 occidit“
615 695 811 748 absolvit,
854 694 923 735 hic
967 708 1055 735 non
1096 693 1237 733 minus
1270 693 1441 732 eentum

129 755 273 796 decem
303 754 495 795 versibus
528 756 715 795 exornat.

245 813 478 868 Postquam
504 813 609 854 haec
641 813 832 866 exempla
864 812 1238 865 consideravimus,
1271 825 1321 851 ex
1353 811 1441 865 qui-

127 872 207 914 bus
228 873 506 926 perspicimus
529 886 578 913 ea
610 886 717 926 quae
743 871 997 912 Benedictus
1019 886 1069 912 ex
1088 871 1244 913 Darete
1266 887 1309 913 se
1331 888 1442 914 sum-

126 931 264 984 psisse
284 931 438 972 diserte
458 931 560 972 dicit
580 931 690 985 apud
709 931 829 971 illum
854 931 986 984 aliter,
1004 931 1252 986 plerumque
1273 932 1443 986 quidem

127 990 296 1031 brevius
318 990 527 1044 explicata
541 1004 644 1044 esse,
658 990 800 1030 minus
816 989 1088 1044 offendemur,
1102 1004 1197 1031 cum
1212 1004 1443 1045 cognosca-

126 1063 220 1089 mus
264 1049 400 1089 multa
441 1049 552 1102 apud
589 1047 791 1090 Daretem
834 1063 922 1090 non
959 1049 1160 1102 inveniri,
1199 1064 1306 1103 quae
1345 1050 1444 1090 inde

129 1122 294 1148 sumere
328 1122 370 1148 se
404 1108 506 1149 dicit
535 1110 672 1161 poeta.
740 1107 834 1149 Hoc
876 1108 989 1148 enim
1033 1108 1279 1149 testimonio
1323 1110 1442 1149 nisus

126 1166 183 1221 (v.
219 1167 356 1208 12291
399 1165 533 1222 seqq.)
572 1167 762 1221 loquitur
800 1167 850 1208 de
898 1165 1147 1221 Sagittario,
1194 1181 1317 1222 quem
1355 1182 1444 1208 non

128 1226 325 1280 agnoscit
355 1225 502 1279 Dares,
535 1240 570 1266 v.
611 1226 724 1267 8789
763 1226 959 1266 nominat
998 1225 1278 1281 laudibusque
1324 1226 1444 1267 effert

127 1299 270 1339 regem
303 1283 475 1338 Celidis,
521 1287 564 1325 at
606 1299 658 1325 ne
702 1284 815 1326 hunc
859 1285 1029 1340 quidem
1061 1284 1196 1326 Dares
1237 1286 1444 1340 agnoscit,

126 1343 323 1385 Hectoris
338 1344 588 1385 comitatum
609 1358 705 1385 cum
725 1343 935 1385 Achillem
956 1344 1112 1385 viseret
1131 1344 1442 1398 amplissimum

128 1402 602 1457 splendidissimumque
634 1403 766 1444 fuisse
792 1403 917 1458 fingit
943 1402 997 1456 (v.
1022 1402 1195 1457 13011),
1225 1403 1274 1444 de
1295 1417 1379 1458 qua
1397 1417 1442 1444 re

129 1460 180 1502 D.
211 1462 338 1515 plane
369 1464 494 1515 tacet,
526 1462 707 1516 denique
739 1464 786 1503 ut
816 1462 979 1516 reliqua
1011 1462 1206 1503 omittam
1239 1460 1295 1517 (v.
1328 1462 1445 1503 6204

130 1519 266 1575 seqq.)
303 1522 464 1575 vestes,
503 1521 614 1575 quod
647 1536 672 1562 a
702 1521 840 1575 poetis
879 1520 1005 1562 medii
1038 1521 1128 1561 aevi
1160 1520 1442 1562 libentissime

127 1579 288 1620 factum
320 1594 412 1620 esse
432 1579 634 1633 videmus,
666 1579 885 1621 Diomedis
907 1582 948 1620 et
967 1579 1104 1621 Ulixis
1127 1579 1444 1621 accuratissime

128 1637 346 1692 describit,
390 1638 547 1679 addens
592 1641 737 1679 tamen
774 1653 843 1693 „se
875 1639 904 1679 li
936 1639 1061 1679 livres
1093 1652 1146 1679 118
1178 1653 1257 1680 nos
1290 1638 1444 1692 ment“,

127 1711 224 1738 cum
255 1696 391 1738 Dares
422 1697 531 1738 nihil
565 1698 770 1739 eiusmodi
801 1698 969 1739 habeat.

245 1754 396 1811 Neque
420 1756 463 1797 id
493 1757 619 1798 nobis
651 1757 876 1798 mirificum
896 1757 1117 1810 videbitur,
1139 1757 1174 1798 si
1194 1756 1444 1810 respicimus

128 1814 171 1855 id
185 1814 297 1869 quod
317 1817 445 1869 poeta
466 1815 557 1870 ipse
579 1814 634 1870 (v.
652 1816 734 1857 138
766 1814 866 1870 139)
894 1816 1116 1870 eloquitur,
1137 1830 1180 1856 se
1203 1815 1444 1856 additurum

130 1887 222 1914 esse
255 1888 361 1928 quae
381 1874 489 1915 bene
523 1875 674 1916 addere
693 1875 841 1928 possit.
878 1873 1015 1915 Multa
1042 1877 1195 1928 autem,
1215 1876 1262 1914 ut
1282 1873 1443 1914 aridam

132 1930 301 1973 Daretis
334 1933 549 1987 epitomen
569 1934 766 1987 expleret,
799 1948 848 1974 ex
869 1933 1134 1988 geographia
1154 1935 1280 1988 atque
1312 1932 1444 1974 histo-

128 1991 210 2044 ria,
249 1993 296 2032 ut
326 1991 550 2033 historiam
583 1993 866 2045 Amazonum,
900 2007 1066 2033 summa
1104 2006 1200 2034 cum
1238 1992 1446 2045 libertate,

128 2048 314 2091 Plinium
328 2049 539 2092 Isidorum
551 2050 855 2105 Hippocratem
872 2051 1080 2093 Galenum
1096 2053 1265 2092 secutus
1281 2051 1444 2092 adiecit.

248 2109 403 2150 Omnia
418 2124 526 2164 quae
540 2110 754 2152 mirabilia
762 2110 931 2165 possint
941 2110 1085 2165 videri,
1096 2109 1298 2151 Daretem
1312 2110 1357 2150 111
1365 2109 1444 2150 hac

131 2181 297 2223 quoque
312 2183 355 2209 re
369 2169 561 2210 imitatus
577 2170 725 2210 abesse
739 2169 831 2210 vult
846 2167 915 2224 (cf.
930 2184 967 2210 v.
983 2170 1039 2210 60
1049 2168 1194 2224 seqq).
1209 2167 1445 2210 Homerum

126 2226 398 2280 reprehendit
429 2228 542 2283 quod
574 2228 673 2270 deos
711 2243 808 2270 cum
839 2228 1084 2269 homimbus
1117 2228 1228 2269 bella
1260 2228 1444 2282 gessisse

130 2286 379 2341 narraverit,
424 2287 607 2341 deosque
653 2302 677 2328 a
715 2302 791 2328 suo
831 2287 1017 2328 carmine
1050 2287 1250 2340 excludit,
1300 2289 1445 2327 tamen
