1607 2536
404 542 601 588 INDEX
640 542 939 588 NOMINUM
979 543 1059 588 ET
1097 542 1330 590 RERUM.

214 681 374 713 Acamas
396 690 414 713 e
434 678 593 713 Thracia
607 678 848 714 Troianorum

262 727 336 761 dux
363 730 424 767 22,
448 730 488 760 19

214 776 372 808 Acamas
393 773 527 808 Thesei
547 772 644 806 filius
665 776 725 816 24,
747 777 767 808 4
793 777 848 816 32,

266 825 306 854 12

214 867 357 902 Achaia
381 867 504 911 patria
524 865 687 901 Castoris
712 869 750 901 et
768 866 849 901 Pol-

261 914 354 949 lucis
382 918 418 957 7,
442 918 484 948 14

214 961 377 995 Achilles
399 972 442 996 ex
462 960 600 995 Phthia
627 965 685 1005 18,
708 966 750 996 12
788 962 848 997 dc-

263 1008 435 1042 scribitur
490 1012 549 1051 16,
595 1013 614 1042 9
682 1008 846 1053 Delphos

261 1055 422 1089 mittitur
459 1055 507 1089 ad
540 1055 727 1089 oraculum
762 1067 846 1091 con-

262 1102 456 1136 sulendum
468 1106 521 1145 19,
533 1106 574 1136 15
593 1113 675 1136 cum
685 1102 848 1147 Telepho

262 1148 506 1193 proficiscitur
530 1149 577 1183 ad
596 1148 848 1193 praedandam

261 1196 435 1240 Mysiam,
469 1195 738 1232 Teuthrantem
769 1197 848 1232 vul-

261 1245 368 1277 nerat
406 1247 467 1286 20,
498 1247 540 1277 27
592 1243 713 1277 totum
749 1255 849 1278 exer-

262 1290 376 1324 citum
396 1289 640 1324 Troianorum
662 1291 700 1324 in
720 1290 849 1336 fugam

263 1337 446 1371 convertit
471 1341 531 1380 24,
555 1341 595 1371 13
638 1338 850 1372 Patroclum

263 1385 433 1418 necatum
448 1384 604 1428 plangit,
625 1385 732 1419 ludos
748 1385 850 1419 fune-

260 1431 345 1465 bres
378 1431 411 1465 ei
439 1431 530 1465 facit
556 1435 617 1473 25,
639 1436 659 1466 8
702 1432 849 1477 Euphe-

261 1490 362 1511 mum
387 1477 645 1522 Hippothoum
670 1478 850 1523 Pylaeum

260 1527 531 1569 Asteropaeum
563 1525 700 1560 occidit
724 1530 785 1569 26,
806 1530 847 1560 21

261 1572 351 1605 item
378 1571 588 1616 Lycaonem
617 1574 656 1607 et
679 1572 850 1617 Phorcyn

262 1622 323 1662 28,
347 1623 387 1652 11
429 1619 475 1652 ab
498 1619 656 1653 Hectore
682 1620 850 1654 vulnera-

261 1671 338 1707 tur,
366 1676 449 1699 eum
475 1665 668 1710 interficit,
696 1677 717 1700 a
735 1666 849 1701 Mem-

261 1722 356 1746 none
377 1711 594 1747 vulneratur
614 1716 676 1756 30,
691 1717 711 1747 9
742 1713 850 1757 Poly-

262 1770 395 1793 xenam
440 1759 591 1794 adamat
634 1763 696 1803 33,
734 1764 754 1793 2
805 1760 850 1794 de

262 1805 402 1850 nuptiis
417 1806 494 1840 eius
509 1817 593 1840 cum
606 1806 754 1841 Priamo
768 1807 849 1852 agit

262 1855 300 1886 et
319 1863 448 1897 pacem
468 1853 600 1888 suadet
616 1857 671 1896 33,
689 1857 732 1887 14
757 1865 849 1899 pug-

264 1910 351 1933 nare
366 1899 529 1945 abnegat
546 1904 601 1943 36,
616 1904 636 1935 3
662 1900 850 1945 promittit

263 1956 299 1980 se
308 1946 446 1981 milites
458 1958 542 1981 suos
551 1947 699 1982 Graecis
711 1947 849 1981 auxilio

263 1992 459 2027 missurum
479 1997 540 2036 37,
556 1998 601 2028 24
626 2005 649 2028 a
668 1994 793 2029 Troilo
814 1996 851 2028 et

262 2039 456 2074 Memnone
476 2040 691 2076 vulneratus
712 2043 851 2075 utrum-

263 2097 333 2129 que
354 2088 463 2121 necat
485 2091 539 2131 39,
558 2091 599 2121 17
626 2088 672 2122 ab
693 2088 851 2122 Alexan-

264 2133 329 2167 dro
361 2133 596 2178 vulneratur,
631 2145 675 2169 ex
705 2134 851 2169 insidiis

265 2181 427 2223 necatur,
443 2181 645 2225 sepultura,
662 2181 739 2215 ludi
751 2181 851 2215 fune-

263 2227 347 2261 bres
374 2231 435 2270 41,
465 2232 507 2261 14

216 2273 351 2308 Achivi
377 2277 438 2318 24,
460 2278 504 2309 24
530 2278 592 2319 26,
614 2279 633 2309 7

887 679 1066 713 Admetus
1092 681 1199 723 pater
1223 679 1351 714 Pheris
1377 684 1438 724 32,
1467 686 1484 715 I

886 726 1066 760 Adrastus
1087 728 1131 760 de
1153 726 1254 760 Zelia
1275 726 1519 762 Troianorum

935 773 1008 806 dux
1035 776 1096 816 22,
1119 777 1161 806 15

886 819 1060 854 Adrestia
1084 820 1171 854 urbs
1198 824 1259 863 23,
1280 824 1301 854 4

888 866 1057 911 adytum,
1079 877 1097 901 e
1118 877 1190 910 quo
1205 867 1447 911 respondetur
1464 871 1518 911 19,

886 961 1030 995 Aeneas
1067 959 1238 1005 princeps
1275 960 1519 996 Troianorum

934 1012 970 1050 8,
991 1011 1013 1041 4
1048 1011 1109 1050 23,
1133 1011 1153 1042 8
1203 1007 1425 1042 describitur
1466 1012 1519 1049 15,

934 1058 976 1088 10
996 1053 1306 1099 Amphimachum
1318 1056 1356 1089 et
1365 1055 1520 1089 Nireum

933 1101 1070 1135 occidit
1095 1105 1157 1145 26,
1178 1105 1222 1136 20
1261 1102 1307 1136 ab
1332 1102 1520 1136 Antenore

934 1148 1066 1182 certior
1085 1147 1205 1183 factus
1229 1147 1274 1182 de
1293 1148 1417 1192 patria
1436 1159 1520 1193 pro·

934 1195 1055 1229 denda
1091 1198 1153 1238 47,
1188 1199 1230 1229 10
1281 1195 1372 1229 urbe
1409 1197 1521 1239 capta

933 1241 1159 1286 Polyxenam
1179 1241 1374 1276 abscondit
1398 1246 1454 1285 49,
1476 1246 1521 1276 20

934 1289 1057 1333 patria
1100 1289 1274 1323 excedere
1316 1288 1435 1323 iussus
1473 1289 1520 1323 ab

934 1337 1121 1370 Antenore
1159 1335 1305 1370 Troiam
1343 1335 1521 1379 relinquit

935 1394 1018 1417 cum
1036 1382 1172 1428 viginti
1198 1382 1340 1417 duabus
1365 1383 1521 1417 navibus

936 1434 996 1473 52,
1019 1434 1062 1464 10

887 1476 1130 1521 Aesculapius
1155 1477 1263 1521 pater
1281 1475 1459 1510 Podalirii
1485 1477 1522 1511 et

934 1523 1149 1558 Machaonis
1178 1527 1237 1567 18,
1261 1527 1304 1558 10

887 1571 1009 1605 Aeson
1034 1569 1149 1605 frater
1174 1569 1298 1605 Peliae
1325 1573 1363 1613 2,
1386 1573 1402 1603 1

887 1617 1089 1661 Aethiopia
1115 1621 1175 1660 23,
1197 1622 1217 1652 3

887 1664 1035 1699 Aetolia
1063 1668 1123 1707 18,
1145 1668 1164 1697 2

886 1712 1144 1756 Agamemnon
1181 1721 1224 1745 ex
1262 1710 1426 1755 Mycenis
1468 1715 1526 1754 17,

938 1761 978 1791 12
1035 1757 1239 1802 imperator
1282 1758 1428 1792 creatur
1467 1761 1522 1801 13,

934 1809 977 1839 23
1017 1804 1238 1839 describitur
1266 1809 1325 1848 16,
1351 1809 1371 1839 6
1409 1804 1522 1849 Apol—

933 1851 1047 1886 linem
1091 1851 1135 1886 de
1184 1851 1283 1886 bello
1331 1851 1522 1886 consulen-

934 1899 1021 1932 dum
1041 1898 1172 1932 suadet
1199 1902 1258 1943 19,
1282 1902 1322 1933 13
1364 1897 1524 1932 Dianam

934 1945 1068 1980 Aulide
1105 1945 1234 1990 placat
1263 1949 1324 1989 20,
1347 1949 1390 1980 15
1437 1945 1523 1979 Pro-

934 1992 1106 2027 tesilaum
1148 1992 1346 2037 magnifico
1396 1991 1524 2026 funere

936 2038 1042 2074 effert
1086 2042 1147 2082 25,
1180 2043 1200 2074 9
1250 2038 1447 2083 imperium
1490 2037 1524 2071 ei

937 2086 1137 2131 derogatur
1161 2089 1223 2127 31,
1243 2089 1266 2119 4
1311 2086 1458 2129 legatus
1484 2084 1523 2118 in

935 2132 1094 2176 Mysiam
1124 2131 1287 2166 mittitur
1318 2136 1380 2176 32,
1403 2136 1443 2165 11
1485 2131 1524 2165 in

937 2179 1134 2222 imperium
1155 2178 1367 2213 restituitur
1392 2182 1454 2220 35,
1478 2182 1521 2212 15

937 2237 959 2259 a
997 2225 1122 2260 Troilo
1158 2225 1376 2260 vulneratur
1409 2229 1472 2269 37,
1503 2228 1525 2259 9

938 2271 1087 2307 Troiam
1113 2271 1291 2316 relinquit
1317 2276 1377 2317 51,
1398 2276 1443 2307 20
