1607 2536
412 103 475 139 DE
501 102 697 139 EXC1D10
726 102 905 138 TROEAE
931 103 1174 138 HISTORIA.
1396 104 1450 145 37

262 200 418 243 XXXI.
457 200 642 254 Tempus
662 214 831 255 pugnae
853 200 1107 254 supervenit.
1154 200 1453 255 Agamemnon

144 260 364 302 Menelaus
395 259 623 301 Diomedes
655 259 766 300 Aiax
798 259 1027 300 exereitum
1060 259 1255 300 educunt.
1305 262 1454 300 eontra

145 319 331 360 Troiani.
397 319 446 360 fit
481 331 641 373 magna
679 317 845 371 caedes,
882 322 1099 373 pugnatur
1136 318 1305 371 acriter,
1341 320 1484 368 uber-d

145 392 226 433 que
264 378 471 419 exercitus
507 377 619 418 incer
657 391 700 418 se
740 377 944 418 saeviunt.
1012 376 1180 417 Troilus
1211 376 1454 417 Menelaum

147 437 325 490 sauciat,
345 437 502 477 multos
522 436 739 489 interficit,
765 438 926 476 ceteros
947 435 1154 489 paulatim
1174 435 1452 490 persequitur.
1473 446 1490 469 5

145 509 230 536 nox
249 495 459 549 proelium
479 495 650 536 dirimit.
688 497 860 548 postera
880 494 945 535 die
966 493 1134 535 Troilus
1155 509 1251 535 cum
1270 494 1454 534 Alexan-
1476 499 1481 503 '

145 554 220 595 dro
248 553 478 594 exercitum
510 553 667 607 educit,
699 556 848 594 contra
879 567 1026 594 omnes
1052 553 1203 608 Argivi
1232 553 1454 607 prodeunt,

145 612 297 653 acriter
327 615 555 667 pugnatur.
599 611 768 654 Troilus
793 611 1031 653 Diomeden
1059 612 1238 666 sauciat,
1269 612 1315 652 in
1340 610 1454 666 Aga-

143 684 417 712 memnonem
466 671 776 725 inpressionem
827 671 930 712 facit
971 684 1049 711 nec
1092 685 1180 712 non
1225 674 1267 711 et
1314 670 1454 724 ipsum

145 729 324 782 sauciat,
362 730 546 784 Argivos
584 729 732 771 caedit.
800 743 875 783 per
912 729 1075 784 aliquot
1112 729 1200 770 dies
1238 732 1454 783 pugnatur
1476 739 1508 763 10

146 788 316 842 acriter,
353 789 489 829 multa
519 788 637 829 milia
667 788 890 829 hominum
923 802 972 829 ex
1004 791 1182 843 utraque
1215 790 1336 841 parte
1367 791 1473 842 tru3„

145 846 351 888 cidantur.
434 846 735 901 Agamemnon
784 850 832 887 ut
879 847 986 887 vidit
1034 847 1239 888 maiorem
1289 849 1455 900 partem

145 905 351 946 exercitus
403 919 446 946 se
496 905 649 947 cotidie
701 905 893 946 amittere
945 919 1023 946 nec
1077 905 1267 946 sufficere
1317 919 1455 959 posse,

144 964 254 1017 petit
295 964 483 1005 indutias
532 964 577 1005 in
622 978 694 1005 sex
738 978 917 1005 menses.
990 964 1186 1005 Priamus
1231 964 1455 1005 consilium

145 1022 277 1077 cogit,
314 1022 474 1063 indicab
517 1023 776 1077 Argivorum
821 1023 1039 1063 desideria.
1114 1022 1281 1064 Troilus
1325 1026 1454 1077 negat
1475 1032 1507 1057 15

145 1081 296 1122 debere
329 1081 419 1122 dari
450 1084 540 1121 tam
572 1082 701 1136 longo
739 1084 930 1135 tempore
962 1081 1169 1135 indutias,
1209 1082 1281 1122 sed
1313 1082 1455 1135 potius

143 1139 455 1193 inpressionem
503 1140 612 1193 fieri⁷
671 1154 801 1181 naves
850 1140 1031 1181 incendi.
1109 1140 1305 1181 Priamus
1356 1141 1456 1195 quid

143 1198 294 1252 cuique
335 1198 528 1239 videatur
572 1198 708 1239 dicere
752 1199 945 1252 imperat.
1014 1199 1212 1240 omnibus
1250 1199 1455 1253 placitum

143 1259 209 1297 est
241 1256 392 1297 debere
423 1257 513 1297 fieri
546 1257 659 1311 quod
690 1257 841 1312 Argivi
871 1260 1034 1312 petunt.
1081 1257 1277 1298 Priamus
1308 1257 1453 1312 itaque

143 1315 187 1355 in
221 1329 292 1355 sex
320 1329 487 1356 menses
512 1316 700 1357 indutias
728 1316 853 1357 dedit.
894 1316 1195 1371 Agamemnon
1225 1316 1455 1358 honorifice
1476 1326 1510 1351 20

144 1387 243 1414 suos
275 1374 538 1428 sepeliendos
565 1377 700 1427 curat,
726 1373 963 1415 Diomeden
981 1374 1222 1416 Menelaum
1245 1375 1456 1417 sauciatos

143 1435 274 1473 curat.
337 1432 510 1474 Troiani
543 1448 641 1474 suos
681 1447 812 1487 aeque
851 1434 1073 1487 sepeliunt.
1135 1434 1235 1474 dum
1266 1434 1456 1475 indutiae

145 1494 260 1544 sunt,
301 1505 350 1532 ex
383 1492 549 1532 consilii
582 1492 794 1533 sententia
825 1492 1126 1546 Agamemnon
1159 1492 1211 1533 ad
1242 1492 1456 1534 Achillem

141 1549 441 1604 proficiscitur,
472 1553 520 1591 ut
547 1564 643 1591 eum
670 1551 722 1591 ad
754 1564 945 1605 pugnam
970 1554 1223 1605 provocaret.
1267 1551 1455 1593 Achilles

141 1608 276 1649 tristis
314 1622 471 1664 negare
510 1609 650 1663 coepiss
694 1623 737 1650 se
763 1610 1048 1664 proditurum,
1087 1610 1158 1651 sed
1187 1624 1336 1664 pacem
1367 1610 1454 1665 peti
1474 1619 1509 1646 25

235 1752 255 1781 2
295 1747 378 1782 aiax
410 1748 598 1783 diomedes
626 1748 658 1783 G
768 1753 787 1783 3
814 1749 979 1784 troianos
1014 1749 1047 1783 L
1078 1752 1083 1792 Ι
1113 1750 1262 1794 utrique
1298 1749 1330 1784 G
1433 1754 1455 1784 4

140 1795 240 1829 intra
271 1795 322 1828 L¹
434 1800 454 1830 5
489 1797 559 1830 cet.
594 1796 692 1841 paul.
719 1796 832 1842 pers]
862 1796 1013 1841 argiuos
1047 1796 1086 1830 in
1121 1799 1245 1831 eastra
1278 1796 1387 1842 fugat
1422 1797 1454 1831 G

141 1846 161 1876 6
194 1842 232 1876 et
263 1841 355 1876 alex.
392 1853 508 1877 exerc.
542 1842 706 1878 educunt
738 1843 771 1877 G
870 1847 887 1877 7
921 1854 998 1888 arg.
1034 1853 1160 1878 omnes
1193 1843 1226 1878 G
1323 1847 1343 1878 8
1381 1854 1453 1878 aer.

139 1888 327 1933 utrimque
348 1888 381 1924 G
478 1894 498 1924 9
525 1891 563 1924 et
581 1890 617 1924 B
667 1889 780 1924 etiam
801 1889 876 1924 LG
975 1894 1017 1925 10
1044 1890 1143 1925 cedit
1163 1889 1196 1925 G
1217 1891 1222 1933 Ι
1246 1890 1400 1935 aliquod
1421 1890 1453 1925 G

142 1939 185 1970 13
220 1946 336 1971 exerc.
373 1937 461 1971 cott.
496 1947 566 1971 am.
594 1947 632 1971 se
659 1936 691 1971 G
723 1938 727 1981 1
759 1947 878 1981 neque
915 1936 947 1972 G
1055 1941 1098 1971 14
1133 1937 1254 1972 mittit
1286 1937 1455 1972 inducias

139 1983 266 2027 petere
291 1983 330 2017 in
357 1994 419 2018 sex
446 1982 479 2018 G
578 1987 620 2018 15
648 1983 800 2018 Troiani
830 1985 971 2029 negant
995 1984 1071 2019 LG
1119 1984 1252 2019 troilus
1279 1986 1395 2030 negat
1419 1984 1455 2019 R

142 2033 184 2064 18
217 2029 340 2065 dicere
372 2030 533 2075 imperat
564 2041 597 2075 q.
631 2031 690 2065 cui
715 2030 790 2065 uid.
819 2030 852 2065 G
950 2035 992 2066 19
1026 2031 1156 2076 itaque
1185 2042 1251 2066 om.
1280 2031 1313 2066 G
1411 2035 1455 2066 20

138 2077 178 2111 in
204 2087 266 2111 sex
291 2087 436 2112 menses
462 2088 527 2112 om.
554 2077 588 2111 L
616 2079 621 2121 Ι
649 2077 768 2123 dedit]
789 2077 882 2112 facit
907 2077 940 2112 G
969 2082 972 2119 ι
1003 2089 1088 2113 suos
1123 2078 1251 2113 honor.
1279 2078 1312 2113 G
1409 2082 1451 2113 ‘21

139 2123 283 2159 saucios
309 2123 343 2159 G
440 2128 482 2159 22
519 2124 622 2171 dum]
643 2124 690 2159 he
719 2124 807 2159 dum
835 2124 867 2159 G
964 2129 1007 2160 23
1036 2136 1094 2171 ag.
1122 2136 1165 2160 ex
1192 2125 1347 2161 consilio
1375 2136 1452 2160 sen-

138 2170 279 2206 tentiae
305 2170 338 2206 G
436 2176 480 2206 24
511 2183 595 2207 cum
627 2173 773 2207 nestore
806 2172 890 2207 add.
923 2172 956 2207 G
989 2176 1072 2207 ante
1103 2172 1351 2217 proficiscitur
1379 2175 1383 2216 Ι
1412 2174 1454 2206 ut

138 2219 289 2262 rogaret
319 2229 403 2253 eum
435 2219 478 2253 ut
508 2218 547 2253 in
580 2219 680 2254 bello
706 2218 865 2264 prodeat
891 2219 923 2254 G
972 2226 1016 2254 ut
1040 2230 1124 2254 eum
1153 2219 1396 2264 persuaderet
1420 2219 1453 2253 L

140 2263 187 2298 ad
206 2275 373 2310 pugnam
393 2266 523 2301 addidi
542 2277 585 2301 ex
604 2266 661 2309 M,
687 2268 910 2310 prouocaret
929 2277 946 2301 e
965 2267 1173 2302 coniectura
1192 2267 1324 2311 scripsi
1408 2270 1452 2301 ‘25

139 2311 291 2356 negare]
313 2322 445 2357 rogare
470 2312 504 2346 L
527 2314 532 2355 1
554 2323 627 2348 non
654 2314 738 2348 add.
764 2312 799 2346 L
818 2317 902 2356 post
927 2324 976 2348 se.

977 2407 1001 2414 ..-
