1607 2536
201 111 279 140 X1v
687 94 1018 130 PRAEFATIO.

201 190 455 246 χρήσαντος.
503 188 582 232 τὸν
633 188 681 232 δὲ
731 187 1093 244 αὐτομολήσαντα
1143 188 1217 233 ὑπ’
1268 189 1509 242 Ὀδυσσέως

202 248 534 304 ἄναιρεθῆναι.“

319 308 400 350 Hic
436 309 568 363 igitur
606 308 722 349 addit
751 307 953 348 Daretem
985 308 1037 348 ad
1070 307 1254 350 Graecos
1286 310 1507 351 transiisse

203 371 244 409 et
276 368 328 409 ab
351 367 474 408 Ulixe
505 366 774 407 interfectum
806 380 906 418 esse,
939 380 1033 407 cum
1065 367 1109 407 111
1142 370 1290 408 nostro
1323 382 1447 422 opere
1467 382 1509 422 p.

203 428 276 480 52,
314 427 342 466 4
380 427 600 466 narratum
638 425 693 465 sit
731 439 826 465 eum
864 424 1016 465 Troiae
1049 440 1143 466 cum
1175 427 1406 467 Antenoris
1443 426 1504 472 far

202 486 340 526 ctione
351 485 620 525 remansisse:
635 482 835 523 Daretem
849 485 989 523 autem
1005 486 1219 525 auctorem
1239 484 1385 526 Iliadis
1410 487 1510 526 ante

201 543 435 584 Homerum
467 543 648 596 scriptae
669 542 798 582 fuisse
816 542 1017 582 nimirum
1037 543 1238 596 quoniam
1257 543 1339 597 ipsi
1358 558 1510 597 parum

202 602 473 656 probabatur,
506 615 555 641 ex
587 601 734 641 eodem
764 600 882 641 fonte
900 600 1038 640 noluit
1069 604 1259 654 repetere
1280 601 1353 642 sed
1386 602 1513 642 silen-

202 661 262 701 tio
294 660 524 714 piaeteriit.

321 718 511 759 Tertium
531 720 595 758 est
612 717 906 758 testimonium
925 716 1129 758 Aeliani
1155 716 1315 772 (a.170
1335 732 1374 771 p.
1395 716 1510 787 Chr.)

202 777 253 818 V
285 776 337 817 H.
370 776 430 816 XI
461 777 499 817 2.
541 773 633 829 ,,ὃ’τι
677 775 732 828 γ’,ν
772 771 1073 828 Ὀροιβαντιόυ
1122 777 1383 830 Τροιζηνίου
1420 777 1507 829 ὲπη

203 833 285 889 πρὸ
313 832 514 906 Ομηρου,
546 831 604 882 co'g
635 844 773 890 φασιν
805 834 851 873 οἱ
884 831 1134 902 Τροιζήνιοι
1166 832 1292 887 λόγοι
1323 833 1395 875 καὶ
1426 831 1506 875 τὸν

208 891 361 947 Φρύγα
395 890 443 934 ὁε
476 890 671 946 Λαρητα,
705 891 758 932 οὐ
782 893 988 944 Φρυγίαν
1028 888 1193 932 Ἰλιαὸα
1226 893 1287 933 ἔτι
1319 891 1391 932 καὶ
1423 892 1511 933 νῦν

204 949 545 1005 αποσωζομένην
567 948 678 1004 οῖδα,
710 946 793 1003 πρὸ
809 946 1000 1003 Ὁμήρου
1019 948 1091 990 καὶ
1110 951 1272 991 τοῦτον
1300 949 1510 1003 γενέσθαι

205 1014 248 1051 λε
235 1009 448 1064 ’γουσιν.“
509 1007 620 1050 Satis
640 1009 806 1050 infinita
822 1010 922 1049 sunt
953 1022 1002 1048 ea
1033 1009 1162 1049 verba
1193 1009 1345 1063 quibus
1378 1010 1513 1050 utitur

204 1070 409 1110 Aelianus
455 1064 794 1121 ἀποσωζομένην
839 1063 960 1120 οἶδα,
1021 1067 1131 1107 unde
1176 1067 1369 1108 concludi
1423 1082 1513 1108 non

204 1130 345 1181 potest
376 1141 473 1168 eum
503 1127 613 1168 hanc
644 1126 820 1166 Iliadem
851 1125 1007 1166 vidisse
1045 1140 1173 1179 quam
1210 1127 1300 1179 ipse
1332 1125 1510 1181 Phrygi—

202 1201 295 1228 cam
326 1184 433 1240 (non
464 1184 687 1239 Graecam)
719 1184 850 1224 fuisse
883 1184 994 1225 dicit.

318 1244 450 1285 Plane
465 1244 578 1284 aliud
592 1246 657 1284 est
668 1242 959 1284 testimonium
978 1241 999 1282 I
1009 1242 1082 1282 sid
1092 1243 1168 1283 ori
1188 1242 1242 1298 (a.
1257 1241 1511 1297 570—640)

203 1303 400 1358 Origines
432 1302 463 1356 I,
495 1303 569 1343 41:
606 1302 855 1356 „historiam
885 1301 1047 1354 primus
1081 1301 1191 1354 apud
1232 1315 1310 1342 nos
1342 1300 1511 1354 Moyses

204 1395 228 1404 ..
238 1361 522 1415 ,conscripsit3
544 1361 655 1414 apud
671 1360 849 1414 gentiles
864 1373 962 1400 vero
977 1359 1138 1413 primus
1153 1358 1287 1400 Dares
1301 1358 1513 1414 Phrygius

203 1421 252 1461 de
274 1419 446 1461 Graecis
479 1421 521 1460 et
539 1419 735 1460 Troianis
766 1418 991 1459 historiam
1010 1418 1150 1470 edidit,
1187 1433 1316 1472 quam
1335 1418 1380 1458 in
1399 1417 1512 1458 foliis

201 1480 438 1533 palmarum
460 1478 512 1518 ab
534 1492 582 1519 eo
603 1477 887 1530 conscriptam
907 1490 999 1517 esse
1018 1476 1169 1517 ferunt.
1194 1478 1292 1530 post
1310 1475 1511 1517 Daretem

204 1544 347 1578 autem
377 1537 424 1577 in
456 1535 633 1578 Graecia
663 1535 906 1577 Herodotus
937 1535 1099 1589 primus
1144 1534 1515 1589 historiographus

203 1596 375 1636 habitus
409 1595 509 1636 est.“

350 1652 432 1694 Hic
464 1654 576 1694 enim
609 1652 658 1693 de
677 1651 833 1692 Darete
864 1665 1005 1692 rerum
1027 1651 1241 1704 scriptore,
1273 1665 1359 1691 non
1389 1654 1515 1704 poeta

205 1713 373 1753 disserit
409 1726 586 1766 eumque
631 1711 939 1765 antiquissimis
980 1710 1242 1763 temporibus
1284 1709 1368 1749 iam
1413 1712 1511 1750 ante

202 1771 468 1812 Herodotum
527 1769 750 1810 historiam
812 1770 1069 1809 Graecorum
1131 1771 1172 1808 et
1228 1767 1510 1808 Troianorum

205 1829 423 1883 scripsisse
468 1828 580 1869 dicit.
659 1827 857 1869 Fortasse
897 1827 988 1880 ipse
1029 1825 1196 1880 (Dictys
1238 1824 1297 1880 et)
1341 1825 1511 1866 Daretis

204 1889 360 1929 librum
379 1887 496 1941 vidit,
515 1886 697 1928 fortasse
718 1901 814 1927 cum
834 1885 1037 1927 adderet
1026 1900 1071 1925 111
1089 1885 1226 1939 „foliis
1246 1883 1512 1938 palmarum“

204 1949 251 1987 ut
269 1945 477 1986 Rudolfus
508 1945 660 1999 Peiper
684 1945 933 1999 suspicatur,
963 1944 1152 1984 tiliarum
1182 1942 1377 1983 meminit
1408 1957 1514 1997 quas

204 2004 352 2058 Dict3s
373 2018 498 2058 opere
531 2004 792 2057 conscriptas
823 2003 954 2043 fuisse
985 2003 1031 2042 in
1061 2001 1245 2056 Prologo
1277 2005 1334 2055 (p.
1367 2001 1406 2053 2,
1441 1998 1513 2055 18)

204 2064 396 2118 legimus.

322 2121 389 2162 Ex
418 2121 486 2162 his
517 2121 649 2176 igitur
661 2120 916 2161 testimoniis
947 2119 1017 2160 vix
1042 2121 1145 2172 puto
1166 2117 1359 2159 concludi
1377 2130 1516 2170 posse,

205 2179 374 2221 Daretis
409 2194 513 2233 opus
546 2178 707 2221 Graeca
737 2179 884 2233 lingua
916 2179 1122 2231 scriptum
1154 2177 1359 2217 extit-isse:
1408 2175 1513 2215 illud

207 2242 349 2279 autem
381 2241 577 2292 apparet,
618 2238 690 2292 qui
720 2237 812 2278 fieri
842 2237 1046 2291 potuerit,
1077 2237 1126 2276 ut
1155 2249 1312 2276 nomen
1343 2233 1513 2274 Daretis

205 2297 476 2351 potissimum
506 2297 616 2338 libro
647 2297 880 2351 posteriore
910 2293 1101 2349 tempore
1135 2294 1291 2348 scripto
1312 2292 1513 2334 inscribe-
