1607 2536
423 136 486 171 DE
511 134 709 170 EXCIDIO
736 133 914 169 TROIAE
940 133 1180 169 HISTORIA.
1401 134 1454 175 51

150 233 252 275 citui
282 234 332 273 ut
363 231 503 273 decuit
534 230 695 283 divisit,
737 229 817 270 diis
850 229 1010 284 gratias
1042 228 1148 284 egit,
1184 227 1349 270 hostias
1381 229 1457 270 im-

149 292 336 333 molavit.
394 290 543 345 quinta
575 289 641 330 die
674 288 846 329 domum
877 287 1031 329 reverti
1063 287 1340 329 constituunt.

267 349 422 391 XLIII.
459 348 520 390 Ut
545 348 634 389 dies
660 347 936 402 profectionis
963 347 1152 400 advenit,
1184 347 1459 400 tempestates

149 423 332 464 magnae
358 410 527 450 exortae
554 409 655 448 sunt
680 409 722 447 et
746 420 821 460 per
847 406 1010 460 aliquot
1035 405 1123 446 dies
1151 408 1458 447 remanserunt.

150 467 329 509 Calchas
378 466 599 521 respondit
651 465 799 506 inferis
851 465 954 506 satis
1009 464 1170 505 factum
1218 478 1306 505 non
1356 478 1457 505 esse.
1478 481 1495 507 5

149 526 432 581 Neoptolemo
462 526 509 566 in
533 526 719 566 mentem
751 523 869 565 venit
893 523 1156 578 Polyxenam
1187 522 1305 564 cuius
1332 537 1460 564 causa

149 587 271 639 pater
320 585 409 625 eius
451 584 654 638 perierat⁷
702 583 749 624 in
796 583 914 637 regia
956 597 1044 623 non
1088 596 1179 623 esse
1229 582 1458 623 inventam.

148 645 517 699 Agamemnonem
537 642 676 696 poscit
695 642 985 696 conqueritur,
1017 641 1247 682 exercitiun
1277 643 1460 693 accusat,

149 702 414 744 Antenorem
440 701 634 743 accersiri
668 701 787 742 iubet
822 700 1087 755 imperatque
1114 699 1151 740 ei
1159 733 1169 753 ,
1195 701 1243 740 ut
1267 699 1460 754 inquirat

151 776 244 802 eam
268 761 571 815 inventamque
593 760 646 801 ad
666 774 709 801 se
730 759 922 800 adducat.
965 758 1161 799 Antenor
1189 758 1241 798 ad
1267 758 1458 799 Aeneam
1478 776 1511 801 10

150 820 268 861 venit
310 822 352 860 et
395 819 640 874 diligentius
688 818 869 873 quaerit,
912 820 977 871 ut,
1020 817 1268 872 priusquam
1308 816 1458 871 Argivi

151 878 491 933 proficiscantur,
535 878 752 932 Polyxena
793 876 1109 931 Agamemnoni
1151 878 1458 929 praesentetur.

150 937 412 992 Polyxenam
457 938 510 978 ab
549 937 608 978 eis
644 937 897 977 absconsam
934 935 1114 989 invenit,
1147 935 1200 975 ad
1230 934 1458 989 Agamem-

150 1010 307 1037 nonem
348 996 537 1037 adducit:
583 995 883 1050 Agamemnon
913 993 1199 1048 Neoptolemo
1237 993 1385 1046 tradit,
1422 993 1459 1035 is

86 1066 89 1070 ’
151 1069 245 1096 eam
277 1055 329 1096 ad
360 1055 572 1095 tumulum
604 1054 738 1108 patris
770 1054 946 1108 iugulat.
993 1053 1294 1107 Agamemnon
1324 1052 1456 1093 iratus
1479 1071 1510 1095 15

150 1113 319 1154 Aeneae
363 1113 477 1168 quod
508 1113 768 1167 Polyxenam
801 1112 1082 1153 absconderat
1118 1126 1214 1152 eum
1250 1125 1345 1152 cum
1373 1111 1459 1152 suis

151 1172 347 1226 protinus
380 1172 429 1213 de
461 1172 602 1226 patria
633 1172 831 1213 excedere
863 1171 991 1212 iubet.
1044 1170 1212 1211 Aeneas
1245 1184 1341 1211 cum
1373 1170 1459 1210 suis

151 1231 349 1272 omnibus
387 1231 678 1284 proficiscitur.
751 1230 1053 1285 Agamemnon
1095 1232 1324 1283 postquam
1364 1243 1459 1282 pro-

149 1290 285 1330 fectus
323 1291 405 1342 est,
442 1288 610 1330 Helena
646 1291 744 1343 post
786 1289 949 1343 aliquot
987 1288 1075 1329 dies
1121 1289 1285 1329 maesta
1322 1287 1459 1341 magis

152 1363 279 1403 quam
323 1348 492 1403 quando
533 1350 708 1389 venerat
752 1347 924 1389 domum
970 1349 1212 1401 reportatur
1249 1360 1345 1387 cum
1385 1361 1460 1387 suo
1481 1365 1516 1390 20

151 1406 358 1449 Menelao.
418 1401 608 1448 Helenus
641 1421 736 1448 Cum
769 1405 1011 1448 Cassandra
1043 1420 1186 1447 sorore
1223 1408 1264 1446 et
1295 1405 1462 1446 Andro-

248 1597 263 1628 1
299 1596 341 1628 ut
372 1592 512 1638 decuit]
540 1591 747 1636 aequaliter
779 1592 812 1626 G
841 1593 844 1635 Ι
872 1591 996 1626 cuncti
1033 1602 1118 1627 eum
1156 1591 1464 1627 collaudauerunt

152 1641 236 1676 aad.
259 1640 292 1675 G
311 1644 396 1684 post
421 1639 551 1674 divisit
573 1641 576 1683 Ι
599 1639 742 1684 gratias
767 1639 846 1684 egit
871 1649 936 1673 om.
964 1638 997 1673 G
1025 1639 1030 1685 Ι
1059 1639 1287 1684 immolauit]
1309 1640 1346 1674 et
1371 1641 1464 1674 uota

152 1688 302 1723 soluunt
321 1687 354 1722 G
440 1692 459 1721 2
480 1688 518 1721 et
543 1686 675 1731 quinta
700 1686 758 1721 die
784 1685 949 1721 uniuersi
975 1686 1208 1721 constituunt
1229 1686 1263 1719 L
1314 1686 1461 1730 quando

151 1734 313 1770 debeant
367 1735 518 1769 domum
572 1733 710 1768 reuerti
753 1733 984 1768 constituunt
1027 1732 1060 1767 G
1189 1737 1209 1767 3
1257 1733 1462 1778 tempestas

151 1792 289 1827 magna
320 1783 449 1816 exorta
481 1782 537 1816 est
569 1780 602 1815 G
699 1784 718 1814 5
753 1780 909 1815 Chalcas
942 1791 986 1814 ex
1017 1780 1172 1825 augurio
1200 1779 1233 1814 G
1256 1782 1259 1823 Ι
1283 1791 1356 1814 non
1383 1791 1462 1815 esse

152 1830 220 1863 sat.
248 1828 281 1863 G
379 1833 399 1864 6
424 1829 548 1863 mente
569 1827 602 1862 G
700 1832 718 1862 7
746 1827 824 1862 eius
844 1838 909 1861 om.
932 1826 965 1861 G
987 1828 991 1871 Ι
1014 1838 1087 1862 non
1107 1828 1139 1860 Ji
1165 1837 1244 1870 sup.
1267 1827 1330 1861 lin.
1355 1829 1358 1870 1
1383 1838 1461 1862 esse

151 1875 190 1910 in
221 1887 248 1910 r.
283 1874 317 1910 G
419 1879 439 1910 8
472 1874 703 1919 conquiritur
734 1874 767 1908 L
796 1877 799 1918 1
829 1874 975 1908 incusat
1007 1873 1039 1907 G
1144 1878 1163 1908 9
1198 1873 1373 1908 arcersire
1401 1874 1459 1919 L!

151 1922 313 1967 imperat
345 1922 378 1956 G
407 1924 410 1967 Ι
438 1922 630 1966 perquirat
661 1921 764 1956 illam
797 1921 829 1955 G
884 1921 1134 1965 inquaesitam
1168 1921 1217 1964 L,
1249 1921 1380 1964 scripsi
1408 1920 1461 1955 in-

152 1970 276 2013 quirat
295 1979 377 2003 eam
475 1973 518 2003 10
537 1968 802 2012 inventamque
823 1968 869 2002 ad
891 1979 928 2002 se
949 1979 1013 2002 om.
1034 1968 1065 2002 G
1087 1969 1168 2002 add.
1191 1970 1228 2002 et
1250 1969 1254 2010 1
1277 1968 1458 2013 Antenor]

151 2016 182 2050 is
209 2016 243 2050 G
341 2020 381 2050 11
411 2015 597 2060 quaesiuit
617 2015 649 2050 G
672 2017 676 2060 l
699 2016 800 2060 prius
822 2015 950 2059 quam]
973 2026 1085 2059 quam
1105 2015 1266 2060 primum
1287 2015 1319 2049 G
1419 2020 1459 2048 12:

151 2063 229 2097 Pol.
256 2063 325 2108 Ag.
358 2073 475 2108 praes.
504 2073 570 2096 om.
596 2062 630 2096 L
728 2066 769 2096 13
801 2062 853 2096 ibi
881 2062 1139 2097 absconditam
1172 2063 1203 2095 G
1233 2063 1237 2104 1
1267 2062 1330 2107 ad]
1358 2064 1396 2096 et
1429 2062 1461 2095 L

157 2114 200 2144 14
231 2109 582 2155 Agam.—iugulat
613 2119 678 2144 om.
706 2109 738 2144 G
767 2111 770 2152 Ι
798 2109 956 2144 tradidit
986 2110 1020 2143 L
1125 2113 1166 2144 16
1187 2109 1283 2144 clam
1311 2109 1393 2143 add.
1428 2109 1460 2142 G

145 2160 230 2201 post
262 2157 361 2201 quod
461 2161 502 2191 17
529 2156 651 2201 patria
678 2155 867 2192 discedere
895 2157 973 2200 (om.
1001 2156 1061 2201 de)
1089 2156 1121 2191 G
1145 2159 1148 2199 Ῑ
1171 2168 1255 2191 cum
1290 2156 1460 2190 omnibus

152 2203 228 2238 suis
259 2203 417 2238 nauibus
451 2203 485 2239 G
583 2207 625 2238 19
652 2205 769 2238 mesta
799 2203 919 2248 magis
946 2214 1059 2248 quain
1085 2206 1170 2238 ante
1198 2203 1297 2247 quod
1329 2203 1459 2237 acerri-

152 2250 310 2284 mam‘L
358 2262 406 2285 m.
438 2263 487 2285 m.
513 2263 547 2295 q.
575 2250 707 2285 alacris
735 2250 767 2285 G
817 2263 863 2285 m.
896 2262 944 2285 m.
971 2252 1009 2286 et
1040 2250 1220 2286 acerrima
1249 2261 1283 2295 q.
1311 2250 1460 2294 quamdo

151 2298 307 2332 uenerat
335 2297 372 2332 B
468 2301 513 2332 20
545 2297 672 2332 domui
708 2297 740 2332 G
845 2302 885 2332 21
914 2297 1078 2333 Helenus
1094 2319 1135 2323 —·
1151 2297 1285 2343 matre]
1307 2297 1349 2331 11.
1378 2309 1460 2331 cuni

151 2343 333 2378 casandra
356 2344 525 2380 heccuba
549 2346 589 2380 et
614 2344 865 2380 andromacha
891 2344 933 2379 G.

1201 2404 1248 2435 4*
