1607 2536
568 122 900 157 PRAEFATIO.
1312 138 1394 167 Xffl

77 233 324 274 comparare
338 222 515 261 conatus
531 221 597 260 est
611 219 960 274 eamqueinvenit
967 218 1213 272 plurimam:
1234 233 1393 260 nomen

87 281 229 320 autem
262 293 397 327 suum,
429 278 546 319 cuius
580 292 682 318 sane
713 278 821 318 nihil
852 277 1040 331 interest,
1072 291 1151 318 nos
1184 278 1347 319 celavit.

197 337 288 378 Iam
340 351 440 377 vero
494 339 662 390 tempus
712 338 778 377 est
835 336 1080 377 testimonia
1140 337 1394 390 scriptorum

78 396 232 450 prioris
282 395 487 449 temporis
538 395 776 436 accuratius
826 395 1105 450 investigare,
1161 395 1314 450 quibus
1364 396 1394 436 ii

77 456 274 496 nituntur
311 454 383 509 qui
419 454 683 495 contendunt
721 454 823 495 olim
854 453 1024 494 Daretis
1058 468 1163 508 opus
1203 454 1393 495 extitisse

78 512 300 567 Graecum,
333 527 383 553 ex
414 527 496 567 quo
528 512 572 553 id
592 513 705 567 quod
725 513 968 553 etiamnunc
987 513 1194 554 habemus
1214 513 1394 554 fluxerit.

197 571 975 626 AcprimumquidemPtolomaeus
991 571 1393 625 Hephaestionis

78 629 131 685 (c.
164 645 199 672 a.
234 631 346 672 ‘ZO—
353 629 455 686 100)
496 632 722 686 (novarum
762 630 1039 672 historiarum
1078 629 1292 684 Excerpta
1332 630 1394 671 ed.

81 688 258 744 Roulez)
289 705 328 743 p.
356 690 409 730 15
441 689 543 731 dicit

194 745 478 802 Ἀντίπατρος
509 746 561 789 δέ
589 759 728 801 φησιν
760 743 782 789 ὁ
819 743 1055 796 Ἀκάνθιος
1086 745 1272 802 Δάρητα
1308 744 1392 800 πρὸ

74 803 264 860 Ὀμήρου
301 805 532 860 γράψαντα
570 822 652 859 την
692 802 890 858 Ἰλιάὸα,
934 822 1141 860 μνημονα
1184 805 1394 860 γενέσθαι

70 861 281 919 Ἕκτορος
322 863 432 919 ὑπὲρ
476 866 556 907 τοῦ
594 861 652 918 μὴ
693 860 867 906 ἆνεῖεῖν
910 863 1175 918 Πάτροκλον
1220 864 1395 920 ἑταῖρον

72 920 310 978 Ἀχιλλέως.

198 982 291 1031 Qua
333 982 416 1022 fide
460 982 613 1036 dignus
665 982 721 1023 sit
763 982 831 1023 hie
874 981 1147 1024 Ptolomaeus
1193 981 1394 1025 Chennus

78 1041 265 1082 ostendit
277 1040 327 1082 R.
341 1040 582 1081 Hercherus
594 1039 624 1095 1)
640 1043 681 1081 et
695 1041 818 1082 docet
836 1040 1130 1082 Ptolomaeum
1152 1055 1202 1082 ex
1215 1056 1391 1083 numero

79 1115 226 1141 eorum
257 1100 635 1155 grammaticorum
654 1099 785 1141 fuisse
818 1100 901 1154 qui,
933 1102 980 1140 ut
1011 1101 1243 1141 maximam
1275 1115 1396 1142 suain

82 1159 320 1200 doctrinam
353 1161 664 1212 expromerent,
707 1173 774 1200 res
806 1159 1020 1200 inauditas
1053 1161 1094 1200 et
1126 1159 1396 1201 incredibiles

81 1217 303 1271 finxerint,
340 1218 473 1258 libros
507 1220 548 1258 et
580 1220 774 1259 auctores
808 1218 879 1272 qui
911 1232 1146 1272 numquam
1178 1218 1396 1259 extiterint

81 1276 220 1317 fontes
253 1291 344 1317 esse
378 1277 683 1317 simulaverint.
744 1275 894 1331 Neque
918 1291 1092 1330 prorsus
1113 1277 1289 1318 dubium
1321 1280 1396 1330 est,

80 1336 184 1389 quin
216 1336 343 1376 etiam
374 1334 602 1389 Antipater
621 1335 878 1387 Acanthius,
911 1335 961 1376 de
982 1350 1066 1390 quo
1085 1336 1194 1377 nihil
1215 1336 1395 1390 amplius

81 1394 256 1447 seimus,
301 1409 325 1435 a
356 1393 605 1435 Ptolomaeo
640 1394 692 1435 ad
725 1409 820 1435 eum
858 1395 988 1435 finem
1026 1395 1151 1436 fictus
1196 1395 1268 1446 sit,
1313 1409 1396 1450 quo

80 1453 215 1494 tutius
257 1453 336 1493 sub
376 1453 456 1494 hoc
498 1454 670 1494 nomine
713 1453 974 1494 mentiretur.
1038 1453 1149 1502 Quid
1187 1454 1300 1495 enim
1333 1457 1398 1496 est

80 1511 194 1565 quod
225 1512 446 1552 contendit
475 1512 574 1552 ille‘?
637 1512 815 1553 Iliadem
848 1527 943 1553 eum
965 1513 1267 1566 conscripsisse
1289 1513 1397 1554 anti-

81 1570 274 1624 quiorem
307 1585 434 1624 quam
465 1569 655 1611 Homeri.
716 1570 783 1611 Ex
816 1586 898 1625 qua
936 1572 1255 1625 comparatione
1286 1571 1397 1614 hano

80 1642 247 1683 quoque
279 1628 455 1670 Iliadem
493 1630 686 1670 versibus
726 1630 1007 1684 compositam
1038 1630 1170 1671 fuisse
1209 1631 1397 1686 colligas.

78 1687 128 1728 Id
154 1689 296 1728 autem
317 1688 540 1728 consilium
574 1689 686 1743 quod
706 1687 979 1730 Ptolomaeus
1000 1688 1175 1730 Hectori
1195 1688 1397 1730 Daretem

79 1746 251 1787 dantem
284 1746 397 1800 facit,
430 1747 590 1788 scilicet
620 1761 673 1788 ne
704 1746 949 1789 Patroclum
980 1748 1253 1801 interficeret,
1287 1749 1397 1803 apud

80 1804 281 1846 Daretem
314 1819 439 1860 quem
470 1820 549 1847 nos
581 1806 787 1847 habemus
820 1821 908 1848 non
940 1808 1159 1861 reperitur.

197 1863 567 1905 Verisimillimum
606 1868 670 1906 est
707 1864 1039 1906 Eustathium
1071 1865 1308 1907 Ptolomaei
1349 1867 1396 1907 li-

79 1922 205 1963 brum
248 1924 500 1978 cognovisse
545 1926 670 1978 atque
707 1924 804 1964 inde
843 1924 1074 1978 sumpsisse
1113 1925 1154 1965 id
1194 1925 1307 1980 quod
1345 1926 1399 1967 ad

87 1979 236 2035 odyss.
268 1980 329 2022 ΧΙ
360 1997 399 2036 p.
436 1983 545 2024 1607
580 1983 762 2023 notavit.

200 2036 517 2095 7,ἶΑντίπαίςρος
537 2038 584 2082 6}-
612 2038 634 2082 ὁ
652 2038 888 2091 Ἀκάνθιός
908 2054 1011 2096 φησι
1037 2058 1107 2083 και
1141 2043 1198 2099 τῷ
1220 2040 1393 2099 'Eumol

85 2096 270 2169 Δάρητα
306 2097 463 2153 Φρύγα
496 2101 688 2154 δοθῆναι
722 2117 927 2155 ιινημονα
966 2118 1023 2155 ιιη
1058 2088 1233 2143 ἀνελεῖν
1264 2105 1398 2156 φίλον

80 2157 161 2199 τοῦ
212 2153 438 2212 Ἀχιλλέως
490 2155 764 2209 Λπόλλωνος
816 2161 896 2202 τοῦ
951 2163 1211 2215 Θυιιβραιόυ
1267 2177 1398 2203 τουτο

180 2250 204 2295 ¹)
239 2250 332 2286 fiber
363 2251 422 2287 die
459 2250 715 2287 Glaubwiirdi
704 2253 808 2298 greit-
840 2253 904 2287 dm·
939 2265 1057 2288 neuen
1085 2253 1307 2289 Geschichte
1334 2254 1397 2289 des

79 2296 315 2379 {gglomaeus
351 2297 538 2344 Chemmis,
577 2299 616 2334 in
641 2283 768 2335 Jahonii
794 2300 1000 2336 Annalibus
1041 2305 1130 2336 1855
1165 2301 1294 2347 Suppl.
1320 2302 1397 2346 Ip.

177 2356 247 2389 sqq
