1607 2536
216 147 311 176 XLH
706 130 1036 166 PRAEFATIO.

219 229 399 283 denique
433 228 544 283 apud
574 228 694 269 illum
725 242 762 268 v.
794 227 940 268 20770
971 224 1039 272 (cf.
1072 224 1235 278 21678)

430 286 576 340 „amo“
609 286 684 327 daz
717 288 824 327 wort
856 300 899 326 er
925 276 1044 325 dicke
1079 284 1243 336 schreip

430 346 509 385 mit
538 347 648 385 wine
679 345 789 385 luter
819 344 931 384 unde
963 342 1093 384 frisch

430 404 497 444 fiir
529 403 595 443 die
626 404 684 444 vil
716 403 857 444 claren
888 402 937 442 uf
966 401 1046 442 den
1077 400 1187 441 tisch

218 462 329 527 apud
369 462 481 503 hunc
521 460 583 502 IV
630 463 679 502 11
716 460 953 501 Alexander
990 459 1110 500 Far-iz
1153 459 1364 500 scribebat
1394 459 1523 500 rubro

217 521 316 561 vino
349 521 395 561 in
426 520 522 561 albo
556 520 724 561 sudario
745 521 787 560 et
805 519 866 560 ita
885 518 1152 572 loquebatur:
1184 516 1349 558 Helena
1367 517 1527 572 regina,

219 593 315 635 ama
345 593 424 633 me,
456 578 609 619 amabo
640 581 694 619 te.

337 637 453 703 Quae
484 637 609 678 modo
642 637 862 678 attulimus
897 635 1089 690 quamvis
1122 634 1328 675 eiusmodi
1354 635 1450 687 sint,
1481 637 1530 675 ut

216 696 314 736 inde
336 696 542 749 suspicari
572 695 697 736 liceat
718 698 933 736 auctorem
954 708 974 734 e
994 693 1111 734 fonte
1132 693 1315 758 quodam
1338 692 1520 734 fortasse

216 754 347 795 latine
380 755 537 808 scripto
569 754 774 806 hausisse,
806 754 924 794 cuius
956 754 1102 792 auctor
1132 766 1216 792 non
1244 751 1418 806 ignarus
1449 751 1531 792 fuit

216 813 456 853 litterarum
499 812 810 865 Romanarum,
861 826 910 852 ex
961 810 1054 851 aliis
1097 809 1228 864 facile
1263 809 1543 863 comprobari

216 873 357 924 potest
400 885 496 911 eum
545 871 779 924 posteriore
828 874 1018 923 tempore
1067 868 1222 909 vixisse
1272 870 1398 922 atque
1448 867 1529 908 seri

215 929 340 970 huius
372 930 577 983 temporis
607 929 786 982 fabulas,
819 929 971 982 quibus
1002 930 1093 968 tum
1123 927 1318 969 homines
1351 926 1530 967 delecta·
1550 955 1560 961 -

215 987 383 1041 bantur,
416 988 669 1029 adhibuisse.
730 986 903 1028 Etenim
933 986 1054 1028 Paris
1087 1001 1182 1027 cum
1215 985 1267 1036 ad
1290 984 1532 1026 Menelaum

216 1047 418 1099 venisset,
456 1047 577 1087 dixit:
617 1045 697 1101 (IV
729 1045 774 1101 3)
808 1060 831 1086 o
865 1046 1034 1086 domine
1066 1059 1137 1085 rex
1148 1078 1157 1097 ,
1191 1044 1298 1084 sciat
1326 1043 1527 1084 maiestas

218 1107 293 1144 tua
324 1119 390 1145 me
422 1119 510 1146 non
540 1105 707 1146 venisse
740 1105 943 1145 servitum
974 1104 1054 1144 tibi
1084 1105 1258 1157 propter
1278 1116 1429 1142 aurum
1455 1103 1529 1142 aut

218 1166 442 1217 argentum
487 1166 561 1204 aut
603 1166 777 1217 piopter
821 1163 904 1203 alia
946 1163 1076 1216 bona,
1127 1162 1200 1202 sed
1241 1163 1289 1201 ut
1330 1159 1529 1214 viderem,

217 1221 359 1275 qualia
400 1222 487 1262 sint
528 1222 720 1263 convivia
760 1222 805 1262 in
843 1223 919 1261 tua
959 1221 1066 1261 aula.
1108 1245 1162 1249 ——
1210 1219 1259 1260 de
1307 1218 1533 1284 Iphigenia

200 1279 296 1320 *hoc
328 1282 549 1321 narratum
582 1282 647 1321 est
676 1279 717 1320 V
749 1280 806 1321 64
848 1281 921 1332 „et
957 1294 1086 1333 quum
1119 1280 1230 1320 esset
1260 1292 1401 1330 mane,
1444 1277 1531 1317 1116-

215 1338 464 1379 briaverunt
495 1352 589 1379 eam
620 1339 731 1391 vino,
764 1340 806 1378 et
837 1338 1084 1391 sopiverunt
1103 1340 1145 1378 et
1163 1335 1457 1391 reliquerun‘fi

215 1395 336 1437 Paris
370 1397 472 1437 dicit
501 1397 637 1437 tribus
671 1397 840 1450 deabus,
873 1411 1051 1451 quarum
1071 1396 1121 1436 de
1147 1359 1530 1449 pulchritudine
1491 1394 1530 1434 ei

216 1454 488 1495 iudicandum
521 1458 612 1496 erat
642 1454 702 1508 (H
734 1454 826 1509 58):
871 1456 928 1496 ite
960 1455 1168 1506 dominae,
1200 1456 1242 1494 et
1273 1453 1411 1494 exuite
1441 1466 1531 1493 vos.

218 1538 272 1542 —
304 1512 488 1555 Hectore
525 1514 748 1555 interfecto
786 1513 980 1554 Priamus
1017 1513 1248 1553 humilibus
1286 1514 1328 1552 et
1367 1511 1531 1552 detritis

214 1572 403 1612 vestibus
434 1572 607 1613 indutus
633 1572 923 1627 citharamque
946 1572 1109 1612 habens
1146 1570 1226 1626 (IX
1245 1569 1319 1626 52)
1338 1571 1534 1624 peccator

218 1632 260 1670 et
290 1631 539 1685 peregrinus
573 1631 625 1671 ad
659 1630 866 1672 Achillem
897 1630 1112 1684 profectus
1145 1632 1221 1670 est.

337 1687 445 1729 Sunt
465 1692 618 1742 autem,
649 1690 734 1729 nisi
753 1689 889 1743 fallor,
921 1689 1103 1743 vestigia
1122 1688 1329 1742 quaedam
1348 1687 1528 1741 duplicis

218 1747 501 1801 recensionis,
553 1748 707 1801 prioris
764 1750 889 1801 atque
945 1747 1217 1801 posterioris7
1281 1760 1387 1800 quae
1441 1760 1531 1786 non

217 1805 386 1858 omitto,
438 1806 630 1860 quamvis
668 1820 800 1846 unum
852 1806 1082 1846 alterumve
1134 1804 1290 1845 nimiae
1343 1804 1528 1845 auctoris

216 1864 513 1919 neglegentiae
555 1864 687 1905 tribui
735 1878 860 1918 posse
909 1878 997 1905 non
1045 1863 1301 1919 negaverim.
1378 1863 1528 1917 Itaque

217 1923 421 1976 scriptum
454 1925 518 1963 est
542 1922 605 1969 IV
625 1922 681 1964 50
711 1923 859 1988 „troici
889 1922 1038 1963 heroes
1071 1925 1113 1963 et
1143 1922 1301 1963 troicae
1333 1921 1530 1963 dominae
1581 1938 1607 1976 ‚3

215 1981 445 2021 noluerunt
485 1982 522 2021 ei
563 1982 732 2022 obviam
774 1981 903 2035 exire,
953 1981 1094 2022 nullus
1134 1981 1277 2033 heros,
1319 1980 1462 2021 nullus
1508 1993 1530 2021 e

218 2039 374 2080 servis“
405 2042 447 2080 et
477 2040 621 2093 paullo
652 2042 767 2093 post:
798 2042 866 2092 „et
897 2040 1000 2080 exiit
1030 2040 1067 2080 ei
1099 2039 1269 2081 obviam
1299 2041 1420 2093 pater
1440 2039 1528 2080 eius

216 2096 285 2138 Pr.
322 2111 395 2138 rex
428 2100 470 2138 et
506 2098 677 2138 mater“.
711 2122 766 2127 ——-
804 2097 844 2139 V
879 2098 932 2138 12
964 2097 1212 2139 Palamedes
1245 2100 1354 2151 orat,
1397 2099 1446 2138 ut
1476 2097 1529 2138 ad

215 2154 386 2197 Ulixem
416 2156 629 2197 insaniam
661 2156 933 2196 simulantem
964 2157 1159 2197 mittatur
1201 2158 1268 2210 ⁷‚et
1297 2169 1419 2210 reges
1450 2155 1526 2196 mi-

218 2217 365 2255 serunt
414 2214 547 2268 Ajaks
593 2213 870 2255 Solomonie‘fi
915 2238 970 2243 —
1015 2214 1055 2255 V
1098 2216 1152 2255 21
1203 2214 1388 2269 „aderat
1427 2228 1526 2254 vero

216 2273 343 2313 etiam
380 2273 544 2314 Acilees
582 2272 733 2314 fortior
770 2287 898 2327 quam
940 2287 1086 2314 omnes
1128 2272 1294 2326 Graeci,
1336 2272 1524 2314 Ferelesi

213 2331 351 2372 filius“
386 2332 579 2386 pergitur
614 2333 682 2385 „et
717 2331 855 2372 induit
893 2331 1141 2373 muliebrem
1172 2334 1332 2373 vestem
1364 2333 1406 2372 et
1437 2344 1523 2371 am-

1598 2073 1607 2234 1

1601 2235 1607 2304 1
