1607 2536
149 170 241 199 XXX
639 155 970 190 PRAEFATIO.

149 253 201 293 ad
233 252 407 293 verbum
438 252 667 306 rescripsit,
697 266 833 306 pauca
864 251 947 292 alia
979 250 1150 304 addidit,
1182 252 1229 291 ut
1249 252 1460 293 somnium

147 310 366 365 Hecubae,
399 325 586 352 amorem
617 310 781 352 Paridis
815 313 856 351 et
887 309 1104 362 Oenonae,
1148 309 1291 350 dolum
1322 308 1460 352 Ulixis
1518 344 1519 348 ,

147 370 192 410 in
231 370 327 410 aula
362 369 610 423 Lycomedis
644 369 693 410 de
724 369 890 411 Achille
929 368 1180 421 adhibitum,
1224 367 1307 408 alia
1338 383 1457 422 prae-

148 429 269 482 cipue
301 442 406 482 quae
437 428 536 469 fidei
556 426 824 469 Christianae
855 427 1153 482 repugnabant
1177 427 1360 468 mutavit
1391 426 1458 483 (ut

146 487 276 527 verba
297 489 319 527 a
339 487 379 527 la
412 486 555 528 deesse
575 485 715 527 Diana
746 487 791 527 in
820 488 870 540 „a
890 488 978 528 cest
1003 485 1140 527 diable
1161 485 1247 527 dict
1265 484 1458 542 Dyana“)

146 546 208 586 ita
239 548 394 599 tamen,
418 548 466 586 ut
484 545 724 600 ubicunque
756 544 975 586 Benedicti
1006 558 1163 586 nomen
1193 544 1238 585 in
1270 545 1456 586 carmine

148 604 241 657 ipso
269 604 473 658 scriptum
507 606 597 645 erat
615 604 695 645 hoc
716 604 873 645 deleret
893 607 933 644 et
952 617 1028 657 pro
1050 618 1099 645 eo
1120 617 1243 644 suum
1269 606 1458 657 poneret.

264 661 427 703 Deinde
458 663 503 703 in
523 662 612 704 cod.
644 663 745 704 bibl.
776 663 890 717 publ.
911 662 1044 703 Paris.
1075 676 1175 703 msc.
1196 661 1245 703 fr.
1265 676 1306 703 n.
1327 662 1455 718 8211)

149 735 254 762 saec.
293 720 395 762 XIV
432 721 504 763 fol.
551 721 692 763 1-12
734 721 845 763 1988
885 721 1075 762 versibus
1120 721 1210 761 sine
1236 720 1377 775 dubio,
1407 724 1456 762 ut

144 780 297 820 lacuna
343 780 546 821 historiae
596 780 850 834 expleretur,
899 780 1096 820 iuventus
1139 779 1337 820 Hectoris
1388 780 1455 821 de—

146 838 343 879 scribitur
387 838 459 893 qui
501 838 683 879 Hercule
727 843 877 880 necato
921 841 1102 880 mortem
1151 837 1455 880 Laomedontis

146 897 212 937 avi
246 897 310 938 sui
342 897 558 938 ulciscitur
590 900 716 951 atque
747 898 792 938 in
825 897 971 939 eodem
1003 897 1130 950 libro,
1167 897 1211 938 in
1243 911 1326 951 quo
1359 912 1455 938 cum

141 955 228 1003 >alia
267 958 359 996 tum
398 955 469 996 fol.
503 956 702 997 82-251
745 956 807 1009 „le
839 956 1006 998 Roman
1047 955 1097 996 de
1129 955 1302 997 Troies“
1341 957 1453 997 inter

144 1013 389 1066 „historiam
409 1013 690 1056 Troianorum
723 1029 950 1070 eorumque
969 1014 1256 1056 coloniarum“
1287 1013 1454 1069 et“„Da-

143 1073 245 1113 retis
277 1072 501 1114 historiam
532 1072 719 1127 Philippi
751 1076 792 1115 et
822 1073 1080 1115 Alexandri“
1114 1073 1340 1128 reperitur,
1382 1073 1454 1115 fol.

144 1131 375 1173 264-269
397 1132 592 1185 prosaica
622 1133 812 1174 narratio
845 1136 909 1174 est
937 1146 1103 1186 „rerum
1134 1135 1351 1187 gestarum
1377 1132 1454 1173 filii

142 1188 342 1231 Hectoris
380 1189 682 1244 Landomata“‚
725 1192 905 1245 repetita
937 1188 987 1231 *in
1019 1191 1108 1232 cod.
1145 1206 1186 1232 n.
1221 1191 1305 1233 785
1344 1205 1451 1246 quae

144 1263 238 1289 cum
271 1249 457 1290 carmine
476 1248 697 1291 Benedicti
722 1250 933 1291 artissime
954 1250 1151 1291 cohaeret
1182 1250 1254 1291 sed
1284 1250 1452 1292 minimi

142 1307 269 1360 pretii
302 1310 377 1349 est.

257 1366 297 1406 A
330 1380 436 1408 saec.
456 1365 560 1407 XIII
579 1366 799 1409 Benedicti
825 1382 995 1409 carmen
1022 1368 1276 1422 aliquotiens
1302 1368 1451 1422 lingua

139 1425 335 1477 prosaica
365 1424 575 1467 redditum
607 1424 712 1481 est2)
746 1429 871 1480 atque
902 1427 1111 1481 hodieque
1144 1429 1259 1467 extat
1277 1427 1323 1467 in
1350 1423 1452 1467 bibl.

139 1483 254 1536 publ.
286 1482 420 1525 Paris.
458 1484 546 1526 cod.
584 1499 624 1526 n.
660 1485 743 1526 785
776 1499 882 1527 saec.
913 1485 994 1527 XV
1026 1488 1068 1526 et
1098 1485 1243 1539 paucis
1274 1485 1451 1526 mutatis

139 1542 184 1582 in
205 1542 293 1583 cod.
313 1556 354 1583 n.
378 1543 490 1584 1612
519 1558 624 1585 saec.
644 1543 759 1598 XIV,
778 1558 819 1585 n.
850 1545 959 1586 1627
992 1558 1098 1586 saec.
1124 1543 1241 1597 XIII,
1266 1558 1305 1585 n.
1337 1544 1447 1585 1631

141 1602 268 1654 atque
307 1601 351 1641 in
390 1601 531 1643 codice
563 1603 635 1656 qui
666 1602 883 1656 Petropoli
912 1605 1152 1644 reservatur
1181 1617 1222 1644 n.
1259 1603 1311 1644 12
1344 1617 1451 1644 saec.

138 1656 230 1699 XV.
291 1659 500 1701 Auctores
540 1660 692 1702 harum
732 1662 1130 1715 interpretationum
1171 1675 1318 1703 omnes
1351 1661 1452 1703 data

139 1731 267 1771 opera
297 1717 341 1758 id
373 1721 562 1773 egerunt,
593 1722 641 1760 ut
673 1720 754 1761 sibi
784 1720 952 1761 laudem
984 1720 1244 1762 inventionis
1263 1720 1449 1761 vindica·
1481 1733 1483 1735 ·

137 1779 245 1829 rent,
276 1775 497 1818 Benedicti
526 1792 684 1819 nomen
714 1779 760 1819 in
792 1779 1048 1820 oblivionem
1081 1779 1348 1820 adducerent.

254 1834 479 1877 Praeterea
519 1837 645 1878 etiam
687 1837 918 1879 historici
931 1835 964 1893 3)
996 1837 1077 1879 hoc
1109 1852 1214 1891 opus
1245 1837 1291 1878 in
1323 1851 1448 1879 suum

137 1907 262 1934 usum
312 1897 628 1949 converterunt,
675 1898 723 1937 ut
767 1896 812 1937 in
856 1896 943 1938 cod.
984 1911 1024 1937 n.
1057 1896 1140 1938 301
1191 1896 1291 1938 bibl.
1331 1896 1445 1950 publ.

135 1949 268 1993 Paris.
293 1952 396 2006 „Les
422 1953 549 1995 livres
577 1954 650 1996 des
675 1954 888 1996 Histoires
917 1955 972 1996 du
1001 1957 1362 1997 commencement
1392 1954 1447 1996 du

136 2010 314 2051 monde“
348 2011 420 2053 fol.
457 2012 661 2055 25—165
694 2014 835 2068 agitur
878 2013 928 2055 de
959 2014 1138 2056 historia
1174 2012 1338 2068 Troiae,
1385 2013 1447 2054 ita

135 2070 183 2109 ut
214 2083 380 2111 summa
405 2084 501 2112 cum
532 2071 615 2112 fide
647 2086 696 2113 ea
728 2087 834 2127 quae
853 2071 1109 2114 Benedictus
1141 2072 1354 2114 cecinerat
1382 2086 1446 2113 re-

133 2129 344 2182 petantur,
376 2128 679 2184 descriptiones
710 2131 807 2172 illae
828 2130 1110 2173 Troianorum
1130 2134 1172 2172 et
1185 2130 1445 2172 Graecorum

134 2185 304 2240 ineptae
336 2187 573 2230 adiciantur
605 2203 653 2231 ac
671 2203 725 2230 ne
744 2193 883 2231 vestes
904 2190 1074 2245 quidem
1094 2189 1246 2244 quibus
1266 2189 1448 2231 vestitae

231 2326 256 2369 1>
292 2326 378 2371 Joly
410 2327 433 2361 1.
469 2327 495 2361 1.
526 2340 561 2372 p.
594 2332 663 2363 410
698 2340 776 2373 sqq.
901 2329 927 2374 ²)
968 2329 1054 2373 Joly
1088 2329 1112 2364 ].
1144 2329 1166 2363 l.
1194 2340 1228 2373 p.
1261 2332 1328 2363 417
1363 2339 1444 2372 sqq.

134 2370 160 2415 ²)
186 2371 271 2416 Joly
296 2372 318 2407 1.
340 2373 364 2408 l.
390 2386 425 2419 p.
452 2377 519 2409 423
547 2387 625 2419 sqq.

1597 337 1607 451 l

1586 1588 1591 1619 i

1585 1623 1590 1680 ff

1504 463 1607 541 (a

1498 547 1501 560 ι
