1607 2536
359 105 420 139 DE
448 104 646 140 EXCIDiO
675 105 852 140 TROIAE
879 106 1119 142 HISTORIA.
1368 111 1394 151 5

80 202 295 257 pollicitus
327 204 402 242 est.
464 200 685 254 Hercules,
723 201 796 242 ubi
835 201 1025 243 omnium
1057 203 1298 245 voluntates
1330 205 1393 245 in-

80 260 259 313 tellexit,
306 274 435 301 naves
477 260 660 314 paravit,
702 259 858 300 milites
900 260 1039 315 elegit.
1106 262 1179 302 ubi
1225 265 1392 316 tempus

80 319 228 360 datum
259 322 323 360 est
359 318 669 373 proficiscendi,
707 318 871 359 litteras
909 319 963 360 ad
995 333 1084 372 eos,
1123 334 1229 374 quos
1272 335 1394 376 roga⁴

81 380 216 431 verat,
248 377 364 418 misit
393 380 442 419 ut
475 377 670 418 venirent
701 391 797 418 cum
828 377 916 418 suis
949 378 1165 420 omnibus:
1200 393 1294 420 cum
1327 394 1394 421 ve-

79 436 264 489 nissent,
294 435 475 490 profecti
501 438 601 476 sunt
631 435 677 477 in
702 435 952 491 Phrygiam:
986 436 1039 478 ad
1066 435 1238 492 Sigeum
1261 442 1392 480 noctu
1413 449 1427 472 3

81 496 387 536 accesserunt·
416 494 514 535 inde
546 493 751 535 Hercules
784 494 990 536 Telamon
1022 498 1064 537 et
1095 495 1245 537 Peleus
1279 510 1393 538 exer-

78 553 212 594 citum
239 552 490 594 eduxerunt:
524 553 702 594 navibus
737 553 808 608 qui
839 553 1050 607 praesidio
1071 559 1213 596 essent
1246 553 1393 597 Casto-

81 625 171 652 rem
203 614 245 652 et
276 610 492 655 Pollucem
525 614 567 652 et
597 610 825 653 Nestorem
856 612 1130 667 reliquerunt.
1192 615 1299 666 quod
1327 614 1395 655 ubi

54 669 361 711 ·La0medonti
404 671 495 725 regi
535 670 781 712 nuntiatum
813 674 877 712 est
914 672 1091 713 classem
1135 671 1393 714 Graecorum

79 728 134 769 ad
167 727 339 784 Sigeum
370 729 614 781 accessisse,
647 732 689 770 et
720 729 810 783 ipse
843 744 938 771 cum
970 731 1157 785 equestri
1189 731 1311 785 copia
1341 731 1393 771 ad

80 801 198 828 mare
239 788 356 828 venit
396 791 438 828 et
479 788 619 841 coepit
658 788 868 842 proeliari.
926 787 1130 830 Hercules
1177 789 1229 830 ad
1268 789 1393 830 Ilium

82 845 191 887 ierat
211 848 253 887 et
278 846 554 900 inprudentes
582 846 654 901 qui
680 850 801 888 erant
820 847 866 888 in
893 847 1048 901 oppido
1072 861 1221 902 urgere
1243 849 1393 901 coepit.

83 904 195 958 quod
226 904 300 946 ubi
326 904 606 946 Laomedonti
638 905 883 946 nuntiatum
916 909 981 947 est
1000 907 1142 961 urgeri
1176 906 1229 947 ab
1262 906 1393 947 host-i-

81 963 160 1004 bus
188 963 331 1016 Ilium,
357 963 454 1005 ilico
480 964 705 1005 revertitur
730 967 772 1004 et
797 964 842 1004 in
867 964 1018 1005 itinere
1046 965 1194 1006 obvius
1222 963 1393 1007 Graecis

80 1021 218 1063 factus
257 1022 310 1063 ab
342 1016 524 1063 Hercule
557 1022 771 1064 occiditur.
829 1022 1035 1064 Telamon
1072 1023 1235 1077 primus
1268 1023 1394 1064 Ilium
1434 1035 1447 1058 ¹3

80 1080 284 1134 oppidum
322 1080 504 1134 introiit,
542 1081 609 1122 cui
640 1080 844 1122 Hercules
877 1081 1045 1122 virtutis
1085 1095 1212 1123 causa
1244 1081 1394 1123 Hesio-

79 1153 181 1180 nam
204 1138 508 1181 Laomedontis
535 1140 647 1194 regis
673 1139 804 1180 filiam
831 1139 942 1181 dono
976 1139 1101 1181 dedit.
1140 1141 1267 1181 ceteri
1295 1155 1394 1182 uero

81 1198 155 1252 qui
186 1212 282 1239 cum
312 1197 600 1240 Laomedonte
635 1198 774 1239 ierant
813 1198 1072 1241 occiduntur.
1122 1198 1318 1240 Priamus
1350 1199 1395 1240 in

81 1255 269 1311 Phrygia
296 1259 403 1309 erat,
435 1257 509 1298 ubi
536 1271 632 1298 eum
658 1256 904 1298 Laomedon
930 1257 1019 1298 eius
1047 1260 1168 1312 pater
1194 1258 1395 1299 exercitui

80 1315 351 1368 praefecerat.
411 1315 616 1356 Hercules
649 1319 690 1356 et
729 1315 800 1370 qui
833 1329 928 1357 cum
960 1329 1009 1357 eo
1042 1319 1245 1357 venerant
1276 1330 1394 1370 prae-

81 1373 179 1415 dam
220 1387 422 1429 magnam
461 1374 652 1415 fecerunt
696 1377 738 1415 et
778 1374 830 1415 ad
876 1388 1006 1416 naves
1055 1374 1395 1429 deportaverunt.

81 1432 179 1473 inde
217 1432 390 1474 domum
428 1432 638 1487 proficisci
676 1433 968 1485 decreverunt,
1007 1433 1212 1474 Telamon
1245 1432 1394 1474 Hesio-

81 1505 182 1532 nam
216 1505 356 1533 secum
390 1492 595 1533 convexit.

200 1549 273 1591 IV.
335 1549 429 1592 Hoc
461 1550 532 1592 ubi
563 1550 732 1591 Priamo
766 1550 1009 1591 nuntiatum
1037 1553 1101 1591 est
1132 1554 1296 1604 patrem
1330 1565 1395 1591 oc-

1417 742 1447 766 11)

1415 1327 1448 1350 24)

82 1609 249 1670 &sumn
269 1609 379 1650 cives
413 1609 618 1663 direptos,
657 1608 855 1663 praedam
888 1609 1122 1662 devectam,
1162 1607 1395 1649 Hesionam
1417 1619 1450 1643 2⁵

178 1799 198 1829 2
225 1805 338 1830 naues
359 1795 427 1829 ΧΠ
448 1794 481 1830 G
504 1797 507 1838 1
531 1794 661 1840 elegit]
688 1794 839 1839 parauit
865 1793 897 1829 G
995 1798 1016 1828 4
1043 1795 1084 1828 ut
1104 1793 1272 1829 uenirent
1296 1794 1397 1828 misit

84 1841 134 1876 M
181 1841 353 1876 uenirent
391 1841 461 1884 Qui
499 1841 532 1876 G
560 1844 564 1885 Ι
593 1852 676 1876 cum
716 1841 919 1886 uenissent]
953 1840 1228 1882 conuenissent;
1267 1840 1315 1875 Et
1352 1840 1400 1874 M

84 1892 104 1923 5
125 1888 471 1924 acl—accesserunt
490 1899 555 1923 om.
578 1887 611 1924 G
708 1892 728 1923 6
750 1888 890 1933 peleius
912 1887 944 1922 G
1043 1891 1061 1922 7
1083 1897 1102 1922 e
1123 1887 1282 1922 nauibus
1302 1898 1397 1931 quae

81 1934 117 1970 G
173 1934 402 1980 nauibusque
436 1935 484 1969 M
585 1939 605 1970 8
644 1934 743 1979 quod
775 1934 839 1969 ubi
876 1934 1006 1969 addidi
1118 1939 1138 1969 9
1177 1934 1326 1969 classim
1365 1934 1398 1968 G

86 1986 129 2016 10
155 1983 193 2017 et
222 1981 318 2028 ipse]
352 1981 565 2017 Laomedon
597 1981 630 2016 G
729 1986 769 2016 11
804 1981 999 2026 coepitque
1032 1980 1065 2015 G
1164 1985 1205 2015 12
1239 1981 1396 2025 pruden-

82 2030 139 2063 tes
183 2029 232 2062 M
258 2031 260 2071 Ι
291 2028 329 2063 in
367 2028 505 2074 oppido
543 2039 608 2063 om.
653 2029 699 2063 M
726 2032 728 2069 ἰ
758 2039 974 2073 oppugnare
1019 2027 1051 2062 G
1127 2027 1324 2071 obiurgare
1366 2027 1397 2061 R

87 2080 128 2110 13
156 2075 335 2121 oppidum
361 2075 408 2110 ab
435 2075 469 2110 h.
498 2075 695 2122 inpugnari
721 2074 831 2110 Ilium
852 2076 885 2110 G
984 2079 1026 2110 14
1052 2074 1201 2110 obuiam
1222 2074 1255 2110 G
1355 2079 1398 2109 15»

82 2122 186 2167 prius
215 2122 264 2156 M
289 2124 292 2166 Ι
323 2122 431 2157 Ilium
459 2133 524 2157 om.
552 2122 585 2158 G
685 2126 726 2157 1⁷
761 2121 1026 2157 Laomedontis
1058 2121 1125 2156 filii
1155 2121 1219 2165 qui
1245 2132 1328 2155 cum
1354 2132 1397 2156 eo

85 2169 235 2204 fuerant
260 2169 478 2204 occiduntur
504 2169 712 2215 hypsipilus
733 2169 916 2204 uolcontis
937 2169 1099 2213 ampitus
1120 2167 1153 2203 G
1187 2168 1399 2212 (Amphitus

82 2215 301 2260 Hysiphilus
327 2215 530 2251 Volcontus
557 2217 658 2261 apud
686 2217 860 2252 Iscamom
886 2216 927 2250 cle
953 2216 1041 2250 bello
1069 2215 1229 2250 Troiano
1252 2215 1277 2249 I
1301 2219 1396 2249 4455,

88 2266 130 2297 19
162 2263 269 2306 pater
301 2262 379 2298 eius
412 2262 445 2298 G
542 2267 584 2298 21
619 2263 821 2308 deportant
856 2263 903 2297 M
998 2266 1040 2296 23
1075 2272 1197 2297 secum
1231 2261 1334 2296 duxit
1365 2261 1398 2294 Β

84 2311 129 2343 25
156 2309 254 2344 ciues
281 2308 446 2355 direptos
473 2320 537 2345 om.
568 2310 639 2344 Μ’
663 2311 829 2345 euec‘tmu
861 2308 945 2344 ΜΟ
972 2319 1035 2342 vos
1061 2309 1265 2343 deuectum.
