1607 2536
596 105 934 141 PRAEFATIO.
1378 119 1425 148 IX

107 204 375 246 diomeneum
394 203 656 257 polibentem
675 202 976 256 carpedontem
995 200 1265 254 lepodemum
1283 199 1420 240 uifore

107 262 397 304 maimentum.
458 261 626 303 Aeneas
647 261 963 315 amphimacum
994 273 1179 300 nereum.
1240 258 1423 299 Alexan·
1474 266 1496 297 5

109 321 183 362 der
219 321 481 375 palameden.
542 320 790 361 Antiloeum
843 319 1006 360 aiacem
1046 317 1253 359 achillem.
1313 316 1424 357 Aiax

106 380 363 421 telamonius
378 382 420 420 et
428 378 836 420 Alexandermutuis
854 392 896 419 se
908 377 1155 418 uulneribus
1168 375 1424 417 occiderunt.

108 438 352 480 Alexander
390 438 437 479 in
479 438 639 492 praelio
680 437 871 478 moritur.
932 436 1043 477 Aiax
1083 434 1339 476 telamonius
1380 435 1426 474 in

109 497 272 538 castris
336 496 438 546 Quis
477 511 698 552 grecorum
743 510 868 551 quem
917 495 1183 536 troianorum
1225 493 1426 535 occiderit

109 555 159 596 de
209 555 387 596 ducibus
436 556 621 610 exceptis
671 555 842 609 plebeis.
933 554 1123 595 Achilles
1174 552 1424 593 eufremium
1452 559 1495 590 10

110 614 378 668 hyppotuum
421 614 618 668 plebeum
663 613 866 655 asterium
915 612 1152 668 ligaonium
1203 610 1426 652 euforbum

107 672 352 714 haectorem
391 673 564 714 troilum
601 687 886 714 memnonem.
938 671 1235 726 neoptolemus
1280 671 1426 723 pente-

110 731 250 772 siliam
293 732 506 785 priamum
546 732 789 786 polixenam
831 731 883 772 ad
920 731 1133 771 tumulum
1170 728 1305 783 patris
1338 727 1426 769 dio-

108 790 250 831 medes
288 792 552 845 xantyppum
583 791 740 832 misten
779 791 1050 844 protenorem
1094 789 1426 829 horcomeneum

108 849 379 902 palamonem
411 849 721 903 epistrophium
755 849 945 902 scydium
966 849 1010 888 in
1028 861 1156 900 Μάνῃ.
1176 845 1425 887 Palamedes
1454 858 1497 889 15

111 907 382 961 deyphobum
416 908 707 962 sarpedonem.
750 905 1029 948 EXPLICIT.

205 1096 225 1126 2
252 1103 293 1127 cc
319 1104 384 1127 om.
405 1093 546 1128 MBH4
571 1093 809 1138 carpidonem
828 1092 1037 1138 patroclum
1062 1091 1237 1136 lepodino
1264 1090 1427 1125 euforem

109 1139 315 1174 merionem
348 1140 548 1174 amientum
584 1140 824 1175 archisilaum
857 1140 1092 1183 elopenorem
1117 1139 1170 1181 B,
1196 1139 1362 1173 similiter
1389 1137 1434 1171 H

104 1189 192 1230 post
225 1187 477 1222 diomeneum:
513 1187 759 1232 sarpedonem
790 1187 965 1232 lepodino
996 1186 1193 1220 uiformem
1225 1185 1429 1220 amientum

112 1233 351 1278 clopenorem
376 1234 619 1278 puluxenium
646 1234 865 1278 antioppum
890 1233 1151 1278 polipoetem3
1169 1232 1431 1277 Cleopelenam

110 1291 177 1314 om.
200 1281 250 1314 M
273 1285 293 1315 5
320 1281 525 1316 aimentum
550 1281 589 1315 M
618 1287 633 1315 1
664 1280 1097 1315 Alexander—achillem
1124 1290 1189 1314 om.
1210 1279 1245 1313 B
1260 1283 1280 1314 6
1302 1278 1367 1323 qui
1392 1280 1431 1312 et

111 1327 214 1372 paris
242 1328 325 1363 add.
355 1328 411 1362 M.
432 1331 518 1372 post
543 1328 754 1363 Alexander
781 1332 823 1362 12
850 1328 971 1362 haect.
1003 1328 1049 1361 tr.
1081 1338 1215 1362 memn.
1248 1337 1313 1360 om.
1340 1325 1428 1360 BH.

229 1434 354 1477 Hanc
387 1436 582 1491 equidem
613 1436 675 1476 ita
704 1435 1014 1476 restituendam
1046 1449 1136 1476 esse
1169 1447 1339 1475 censeo:

230 1493 333 1542 Quis
365 1494 648 1536 Troianorum
681 1509 806 1548 quem
838 1493 1096 1535 Graecorum
1129 1492 1339 1534 occiderit.

228 1551 388 1594 Hector
419 1551 702 1594 Protesilaum
733 1551 977 1594 Patroclum
997 1551 1233 1593 Mei-ionem
1253 1550 1432 1592 Boetem

110 1609 377 1651 Arcesilaum
421 1610 756 1653 Prothoenorem
801 1610 1148 1665 (Orcomeneum)
1192 1609 1431 1651 Ialmenum

109 1667 420 1723 Epistrophum
441 1669 666 1711 Schedium
697 1669 1010 1724 Elephenorem
1042 1669 1217 1711 Diorem
1253 1668 1431 1722 Polyxe-

112 1740 219 1768 num
262 1727 509 1782 Philippum
552 1729 791 1783 Antiphum
836 1728 1111 1770 Idomeneum
1153 1727 1431 1782 Polypoetem

109 1784 340 1828 Leontium
373 1786 635 1829 Sthenelum.

229 1844 398 1887 Aeneas
429 1847 791 1901 Amphimachum
823 1845 1014 1888 Nireum.

229 1903 470 1946 Alexander
548 1905 820 1947 Palamedem
899 1904 1179 1946 Antilochum
1254 1903 1431 1945 Aiacem

111 1960 336 2004 Achillem.

230 2019 341 2062 Aiax
380 2021 654 2064 Telamonius
693 2025 735 2064 et
766 2022 1009 2064 Alexander
1052 2022 1213 2063 mutuis
1259 2035 1303 2063 se
1340 2021 1431 2062 vul-

109 2079 284 2121 neribus
330 2080 585 2122 occiderunt.
658 2080 901 2123 Alexander
945 2082 989 2122 in
1033 2081 1193 2135 proelio
1239 2080 1432 2133 moritur,

110 2136 223 2179 Aiax
254 2138 528 2181 Telamonius
560 2140 606 2181 in
637 2141 800 2182 castris.

231 2195 335 2246 Quis
368 2197 628 2240 Graecorum
667 2214 791 2255 quem
824 2199 1108 2240 Troianorum
1147 2198 1348 2240 occiderit
1379 2198 1430 2239 de

113 2254 291 2298 ducibus
325 2258 510 2311 exceptis
542 2258 716 2312 plebeis.
808 2261 811 2263 ’

231 2314 420 2357 Achilles
434 2316 706 2371 Euphemum
719 2317 1017 2372 Hippothoum
1032 2316 1234 2371 Pylaeum
1255 2315 1429 2357 Astero-
