1607 2536
204 55 260 97 34
639 53 849 89 DARETIS
874 53 1077 89 PHRYGII

202 151 345 206 itaque
371 150 559 191 Achilles
591 154 639 191 ut
664 149 942 191 constitutum
972 151 1063 190 erat
1094 162 1260 190 servum
1292 149 1345 190 ad
1370 148 1511 190 Hecu-

203 210 301 251 bam
321 209 471 263 mittit,
502 211 550 250 ut
576 208 683 250 sciat
708 207 808 263 quid
834 221 929 249 cum
948 206 1118 249 Priamo
1139 208 1283 262 egerit.
1332 207 1510 249 Hecuba

204 268 348 310 omnia
387 282 493 322 quae
531 281 626 308 cum
663 266 834 308 Priamo
874 269 1019 321 egerat
1061 266 1238 307 mandat
1275 280 1405 308 servo.
1473 268 1511 309 is

203 326 360 368 Achilli
401 326 540 367 refert.
609 325 797 367 Achilles
845 325 1034 379 queritur
1080 325 1125 366 in
1169 325 1340 379 vulgus,
1383 325 1510 366 unius

168 398 183 422 r»
204 385 391 426 mulieris
422 384 613 426 Helenae
644 398 770 426 causa
800 386 936 425 totam
966 382 1187 424 Graeciam
1219 387 1261 424 et
1290 382 1511 437 Europam

152 691 184 716 10

151 983 183 1008 15

151 1276 184 1301 20

202 446 472 486 convocatam
511 457 619 497 esse⁷
666 445 787 484 tanto
822 445 1012 496 tempore
1044 444 1109 483 tot
1139 442 1258 483 milia
1286 442 1510 483 hominum

202 503 380 557 perisse,
424 502 664 543 libertatem
708 501 753 542 in
797 500 971 555 ancipiti
1017 514 1125 555 esse,
1162 501 1273 542 unde
1315 502 1512 554 oportere

203 572 350 615 pacem
381 560 489 614 fieri,
521 560 750 602 exercitum
781 559 990 601 reducere.

320 618 523 661 XXVIII.
595 619 748 660 Annus
793 619 1071 660 circumactus
1115 621 1190 658 est.
1262 616 1512 658 Palamedes

205 678 434 720 exercitum
460 677 601 719 educit
624 677 815 730 instruit,
840 675 1089 730 Deiphobus
1116 680 1275 717 contra.
1321 675 1511 716 Achilles

202 738 335 778 iratus
361 737 407 778 in
430 736 640 791 proelium
665 750 755 777 non
782 735 934 790 prodit.
971 733 1220 775 Palamedes
1246 733 1511 776 occasionem

202 798 353 837 nactus
399 794 710 849 inpressionem
759 794 805 835 in
859 792 1131 847 Deiphobum
1173 792 1277 834 facit
1332 806 1512 847 eumque

204 855 442 896 obtruncat.
503 853 712 908 proelium
744 866 837 894 acre
875 851 1078 906 insurgit,
1116 851 1268 893 acriter
1300 851 1353 893 ab
1385 850 1510 892 utris-

204 927 284 968 que
316 915 549 967 pugnatur,
590 912 725 953 multa
756 910 875 952 milia
904 910 1128 952 hominum
1161 910 1327 952 cadunt.
1387 908 1511 950 Pala-

204 971 346 1013 medes
378 972 424 1012 in
454 971 593 1025 prima
625 970 713 1012 acie
744 972 938 1011 versatur
968 968 1265 1024 hortaturque,
1301 968 1512 1023 proelium

203 1034 251 1071 ut
293 1030 460 1072 fortiter
509 1031 671 1084 gerant.
752 1031 901 1070 contra
950 1041 1046 1068 eum
1096 1025 1315 1081 Sarpedon
1357 1026 1511 1081 Lycius

205 1089 386 1131 occurrit
409 1102 588 1143 eumque
607 1086 856 1129 Palamedes
887 1086 1098 1127 interficit.
1149 1100 1198 1128 eo
1229 1085 1342 1128 facto
1374 1085 1510 1126 laetus

203 1148 249 1188 in
276 1147 363 1189 acie
387 1149 592 1188 versatur.
642 1146 709 1187 cui
735 1145 943 1186 exultanti
975 1147 1018 1186 et
1049 1144 1251 1199 glorianti
1269 1143 1513 1185 Alexander

203 1206 324 1247 Paris
357 1206 515 1261 sagitta
546 1205 702 1246 collum
732 1203 958 1258 transfigit.
1019 1201 1211 1257 Phryges
1249 1202 1512 1244 animadver-

203 1267 320 1319 tunt,
365 1265 452 1306 tela
489 1263 707 1306 coniciunt
744 1265 870 1317 atque
907 1262 968 1303 ita
1005 1260 1253 1303 Palamedes
1297 1261 1512 1303 occiditur.

204 1323 322 1379 Rege
379 1322 516 1365 occiso
579 1321 719 1364 cuncti
780 1321 924 1362 hostes
985 1320 1296 1375 inpressionem
1351 1319 1514 1361 faciunt

302 1514 318 1543 1
358 1509 484 1553 itaque
522 1519 606 1542 cum
644 1517 770 1542 seruus
807 1506 852 1541 ab
888 1505 1023 1540 achille
1056 1506 1103 1540 ad
1139 1505 1342 1540 heccubam
1379 1504 1514 1539 missus

207 1558 302 1591 esset
347 1556 478 1590 eadem
521 1554 666 1589 hecuba
711 1563 805 1598 quae
847 1553 992 1598 priamo
1037 1555 1164 1597 egerat
1185 1563 1307 1605 ‘seruo
1352 1550 1443 1586 dicit
1480 1550 1515 1585 G

1183 1607 1193 1625 1

205 1641 369 1673 nostram
381 1636 416 1671 L
427 1637 488 1671 sed
502 1637 632 1671 ultima
641 1636 696 1670 ita
704 1648 714 1669 .·
733 1634 902 1670 haecuba
921 1633 1048 1669 omnia
1059 1634 1205 1679 priamo
1219 1634 1347 1668 narrat
1359 1631 1515 1666 mandat

207 1707 228 1730 a
253 1706 360 1730 seruo
457 1699 476 1729 3
504 1704 598 1739 quae
624 1704 707 1728 cum
732 1693 876 1737 priamo
902 1694 1031 1738 egerat
1061 1692 1102 1726 F
1127 1694 1130 1735 Ι
1159 1703 1285 1727 seruus
1311 1690 1346 1725 G
1398 1689 1457 1725 his
1480 1688 1515 1723 L

205 1743 336 1787 scripsi
359 1743 391 1776 is
488 1745 510 1775 4
535 1740 688 1775 nunciat
713 1739 747 1775 G
769 1742 773 1783 Ι
795 1739 834 1774 in
859 1739 973 1784 uulgo
992 1738 1027 1772 L
1074 1739 1114 1773 in
1138 1739 1270 1784 uulgos
1297 1737 1347 1781 G,
1382 1737 1515 1781 scripsi

205 1790 244 1824 in
269 1789 403 1834 vulgus
502 1792 521 1823 6
547 1788 720 1823 uocatam
744 1787 778 1821 L
833 1786 1055 1821 aduocatam
1081 1785 1115 1820 G
1140 1795 1207 1820 ‘nos
1237 1785 1480 1820 conuocatam
1506 1783 1511 1828 Ι

208 1840 226 1870 7
264 1838 372 1870 tanta
405 1834 572 1880 pericula
610 1833 706 1868 adiri
752 1833 835 1869 add.
872 1832 906 1868 G
941 1836 1030 1877 post
1062 1832 1202 1877 perisse
1233 1831 1238 1877 Ι
1266 1831 1305 1866 in
1340 1829 1513 1875 ancipiti]

206 1883 458 1927 mancipatam
483 1881 517 1916 L
540 1884 543 1925 Ι
565 1881 663 1915 unde
689 1881 860 1926 oportere
885 1890 952 1915 om.
973 1878 1007 1914 G
1030 1879 1135 1914 habet
1158 1891 1194 1924 p.
1214 1878 1238 1913 f.
1263 1877 1397 1913 debere
1493 1880 1514 1911 8

206 1929 389 1964 exercitus
414 1928 585 1964 recedere
611 1929 781 1972 oportere
802 1926 835 1962 G
933 1931 976 1962 10
1001 1925 1105 1961 ducit
1123 1925 1158 1960 L
1254 1929 1295 1959 11
1323 1923 1515 1959 occasione

206 1976 337 2011 ductus
361 1975 395 2009 L
493 1979 535 2010 12
562 1977 600 2010 et
633 1985 718 2010 eum
744 1973 778 2009 G
876 1977 917 2008 13
943 1972 1126 2018 proelium
1152 1982 1235 2008 acre
1262 1970 1423 2016 insurgit
1447 1980 1514 2005 om.

208 2022 240 2058 G
263 2025 267 2067 Ι
290 2022 423 2057 acriter
442 2032 508 2057 om.
528 2021 562 2056 L
647 2025 691 2055 14
709 2020 914 2066 pugnatur]
935 2020 1112 2065 fugantur
1131 2019 1165 2054 L
1250 2022 1293 2053 15
1312 2018 1352 2053 in
1370 2028 1436 2053 om.
1452 2015 1486 2051 G
1507 2015 1513 2061 Ι

206 2071 375 2105 uersatus
393 2069 636 2112 hortatusque
656 2069 772 2113 agant
789 2067 824 2101 L
920 2071 964 2101 16
989 2066 1097 2102 licius
1116 2077 1195 2110 sup.
1217 2066 1281 2100 lin.
1303 2064 1339 2099 L
1386 2062 1512 2098 lictius

208 2116 242 2152 G
346 2120 388 2151 17
421 2114 601 2151 succurrit
632 2114 667 2148 L
694 2115 698 2158 Ι
726 2113 915 2149 interfecit
953 2113 987 2148 G
1097 2117 1139 2147 19
1165 2111 1291 2146 traicit
1315 2110 1349 2146 G
1376 2109 1382 2155 Ι
1409 2108 1516 2154 frigis

207 2163 241 2198 G
264 2164 268 2208 Ι
291 2161 607 2206 animaduertunt]
628 2160 793 2195 animum
819 2160 852 2196 G
948 2163 993 2195 20
1019 2159 1111 2205 tela]
1133 2158 1191 2193 illi
1216 2157 1249 2193 G
1345 2161 1387 2192 21
1421 2156 1458 2191 h.
1485 2166 1515 2190 c.

205 2211 302 2256 inpr.
328 2209 352 2245 f.
380 2209 419 2244 F
444 2214 448 2253 Ι
476 2209 601 2245 hostes
627 2218 694 2243 om.
717 2207 761 2242 L.
