1607 2536
620 78 958 115 PRAEFATIO.
1299 92 1441 122 XXXIX

129 179 241 220 filiae
271 192 414 231 meae,
445 177 577 218 nolite
609 177 725 230 flere,
756 176 908 229 habeo,
941 176 1013 230 qui
1044 176 1214 216 nostras
1246 175 1443 216 lacrimas

131 236 406 291 supprimat.“

245 294 347 336 Non
364 309 500 349 pauca
513 296 561 335 ut
581 293 851 335 doctissimus
872 292 1032 333 amicus
1052 306 1171 333 meus
1191 291 1240 333 R.
1260 291 1445 333 Koehler

128 368 293 395 mecum
349 353 705 405 communicavit,
756 354 903 393 auctor
953 365 1002 391 ex
1051 351 1187 405 poetis
1236 350 1444 392 Romanis

129 413 323 467 sumpsit,
354 414 402 453 ut
433 426 482 453 ex
515 411 654 453 Ovidii
684 410 856 452 Metam.
888 409 972 451 XII
1004 410 1090 451 615

341 473 383 512 et
415 470 464 511 de
495 472 585 511 tam
616 484 774 525 magno
807 472 941 510 restat
971 468 1137 510 Achille

185 528 340 570 Nescio
356 529 467 584 quid,
490 544 667 583 parvam
683 528 794 583 quod
814 543 901 569 non
921 528 1029 569 bene
1050 528 1262 581 compleat
1280 542 1444 568 urnam.

126 587 231 629 haec
263 587 343 642 (IX
375 586 467 642 83):
500 603 524 629 o
556 588 687 629 robur
719 589 761 628 et
792 587 929 642 gloria
960 587 1113 640 Aciles,
1146 601 1292 628 omnes
1318 586 1444 627 urbes

127 649 169 687 et
201 647 344 688 omnia
362 647 489 688 litora
507 648 548 687 te
581 661 729 700 capere
754 661 842 687 non
867 648 1078 700 poterant,
1110 647 1152 686 et
1182 660 1296 687 nunc
1315 659 1446 686 unam

127 720 281 746 urnam
314 710 485 746 auream
516 720 605 747 non
635 706 800 759 imples.

245 778 295 806 ex
326 763 496 805 Metam.
527 763 632 804 XIII
667 764 748 806 168
1178 810 1181 817 f

184 821 300 864 Nata
333 823 422 877 dea,
454 823 552 877 dixi,
583 823 662 864 tibi
695 837 739 864 se
771 823 959 877 peritura
990 825 1209 863 reservant

184 879 406 936 Pergama.
458 881 568 930 Quid
600 882 770 923 dubitas
790 882 1009 936 ingentem
1030 883 1217 922 evertere
1237 880 1440 922 Troiam?

127 939 232 981 haee
264 939 368 994 (VH
400 940 493 994 32):
546 955 569 982 o
603 941 747 981 divina
783 941 922 995 virgo,
966 954 1019 981 ne
1051 943 1284 994 perterrere
1317 939 1446 980 Troia

125 999 241 1052 urbe,
274 1001 470 1052 expectat
499 1002 540 1040 te
572 999 702 1040 Troia
734 1015 760 1040 a
789 1002 831 1040 te
864 999 1053 1040 delenda.

244 1071 292 1098 ex
325 1056 497 1098 Metam.
529 1057 635 1098 XIII
667 1058 750 1099 291

337 1130 474 1171 neque
506 1117 620 1157 enim
654 1117 777 1171 clipei
809 1117 1044 1158 caelamina
1075 1117 1192 1158 norit

168 1173 385 1216 Oceanum
418 1178 460 1216 et
490 1177 638 1230 terras,
671 1190 849 1230 cumque
882 1176 968 1217 alto
1002 1175 1141 1217 sidera
1172 1175 1300 1228 caelo,

165 1231 454 1288 Pleiadasque,
462 1233 731 1289 Hyadasque,
739 1235 1055 1290 immunemque
1065 1235 1261 1289 aequoris
1269 1235 1445 1289 Arcton,

165 1290 449 1347 Diversasque
480 1293 619 1348 urbes,
650 1293 917 1348 nitidumque
950 1293 1119 1335 Orionis
1152 1308 1307 1335 ensem.

122 1349 227 1391 haec
259 1349 379 1406 (VH,
414 1351 505 1406 17):
539 1367 658 1394 arma
695 1367 791 1394 cum
830 1355 968 1406 scuto,
1010 1354 1054 1393 in
1093 1368 1175 1407 quo
1207 1353 1322 1406 picta
1354 1354 1446 1393 erat

123 1408 266 1464 imago
298 1411 429 1452 totius
462 1412 621 1466 mundi,
654 1412 717 1453 sol
738 1414 780 1452 et
798 1412 900 1452 luna
920 1414 962 1453 et
982 1412 1129 1452 stellae
1149 1414 1192 1452 et
1210 1413 1443 1466 tempestas

123 1469 166 1508 et
197 1467 344 1510 avidus
378 1470 545 1524 gladius
578 1470 681 1512 Ores
714 1471 838 1525 regis.

241 1541 291 1568 ex
322 1527 494 1570 Heroid.
526 1528 566 1570 V
599 1530 654 1570 29

181 1584 288 1627 Cum
319 1585 441 1628 Paris
474 1586 647 1630 Oenone
678 1588 837 1642 poterit
869 1588 1029 1643 spirare
1060 1587 1209 1629 relicta

209 1643 277 1686 Ad
309 1645 473 1687 fontem
505 1645 668 1688 Xanthi
699 1662 821 1689 versa
851 1649 1039 1689 recurret
1071 1661 1190 1701 aqua.

120 1702 225 1744 haec
257 1703 318 1758 (H
351 1705 442 1759 83):
476 1720 500 1747 o
533 1705 705 1747 domina
739 1705 934 1760 Oineusa,
966 1720 1053 1747 non
1086 1705 1278 1747 deseram
1310 1707 1369 1760 te;
1404 1706 1440 1747 si

122 1775 221 1803 vero
259 1765 301 1804 te
341 1763 582 1820 deseruero,
622 1765 776 1807 fluvius
813 1765 882 1807 hic
920 1765 1165 1806 Kasantusa
1205 1767 1438 1806 retrorsum

120 1820 234 1862 fluet.

241 1894 290 1921 ex
320 1880 495 1923 Heroid.
526 1882 566 1923 V
598 1884 651 1924 57

181 1937 322 1994 thue
355 1941 464 1982 celer
496 1941 653 1996 venias,
684 1942 838 1983 virides
869 1940 1075 1983 Nereidas
1109 1956 1194 1983 oro.

121 1996 226 2039 haec
259 1997 339 2052 (VI
371 1999 464 2053 26):
496 2014 591 2041 cum
623 2003 670 2041 tu
702 2001 783 2041 ires
816 2001 860 2042 in
893 2000 1115 2042 Graeciam
1143 2034 1151 2042 .
1173 2034 1209 2041 ..
1242 2002 1334 2041 tum
1363 2014 1442 2055 ego

118 2057 324 2110 precabar
343 2058 473 2099 vilam
505 2059 646 2113 maris,
678 2062 726 2100 ut
763 2060 932 2101 sisteret
967 2060 1096 2101 maris
1130 2059 1297 2114 fluctus,
1329 2062 1377 2100 ut
1395 2062 1443 2100 tu

119 2115 202 2157 ires
233 2115 347 2158 laeto
383 2117 518 2159 corde.

239 2189 289 2216 ex
319 2174 491 2218 Heroid.
522 2175 626 2218 XVI
661 2177 744 2219 185

179 2232 214 2275 O
247 2235 443 2288 quotiens
464 2235 576 2277 dices
609 2251 762 2291 „quam
793 2251 954 2291 pauper
974 2237 1139 2278 Achaia
1158 2239 1308 2278 nostra
1328 2239 1392 2278 est
1405 2235 1442 2277 Ψ

237 2291 336 2334 Una
367 2294 517 2336 domus
549 2296 722 2349 quaevis
755 2295 871 2337 urbis
903 2295 1078 2337 habebit
1104 2310 1216 2349 opes.
