1607 2536
21 0 36 199 j
572 67 903 103 PRAEFATIO.
1269 81 1396 111 XXVH

79 160 160 207 bus
190 164 375 219 plurima
405 165 645 216 narrantur,
678 163 795 205 deest
827 164 1055 218 descriptio
1088 163 1292 205 Merionis
1326 165 1391 205 vel

78 224 220 278 potius
252 224 365 278 quod
397 223 696 265 animadvertit
714 222 1019 278 Frommann1)
1054 237 1103 264 ea
1123 238 1250 278 quam
1272 222 1394 264 affert

78 281 214 323 Dares
246 282 304 338 (p.
340 283 404 336 17,
436 282 482 336 5)
519 281 746 323 Machaoni
784 282 884 323 data
921 284 985 323 est
1026 282 1081 336 (v.
1114 280 1261 337 5245),
1292 285 1391 336 post

20 388 21 391 Ἴ
78 340 288 382 Helenam
321 341 616 383 describuntur
648 339 799 383 Graeci
831 341 886 395 (V.
919 341 1053 396 5121)
1091 340 1391 396 Agamemnon

78 399 296 442 Menelaus
311 400 499 442 Achilles
521 399 685 454 reliqui,
705 400 788 442 alio
804 400 949 442 ordine
983 403 1109 454 atque
1129 399 1242 454 apud
1261 398 1390 441 Dare-

77 461 176 500 tem.
218 458 370 501 Merito
390 461 518 513 poeta
537 473 663 514 quem
683 459 860 500 offendit
879 459 992 514 quod
1011 458 1240 512 Briseidae,
1273 459 1391 500 cuius

77 517 215 559 forma
245 518 436 573 pingitur
467 533 506 572 p.
542 519 606 571 17,
639 515 682 559 3·
698 518 754 572 (v.
786 518 919 572 5257)
952 518 1055 559 alibi
1086 518 1245 559 mentio
1278 517 1391 559 facta

25 621 28 623 ,
79 578 143 618 est
172 577 307 631 nulla,
341 577 548 631 optimam
569 579 611 618 et
642 578 960 619 celeberrimam
992 577 1301 631 digressionem
1340 576 1389 617 de

77 649 127 676 ea
171 635 288 676 addit
332 650 440 690 quae
491 636 790 677 ardentissimo
843 650 986 677 amore
1030 635 1165 677 Troili
1214 635 1391 689 impleta

78 693 134 748 (v.
153 695 294 736 13235
317 693 425 750 sqq.)
445 697 595 749 postea
614 709 710 736 cum
730 697 883 750 rogatu
902 695 1037 749 patris
1052 693 1297 737 Calchantis
1318 695 1390 748 qui

76 752 128 794 ad
149 751 332 795 Graecos
352 755 580 795 transierat
599 754 765 795 reddita
785 756 896 795 esset
916 753 1103 806 Graecis,
1134 753 1234 795 fidei
1262 755 1389 807 atque

73 812 348 854 iurisiurandi
367 813 456 854 dati
476 813 722 868 acceptique
755 813 888 854 oblita
914 812 1164 854 Diomedem
1196 812 1390 853 redamat

29 878 32 884 '
73 871 129 925 (V.
166 872 304 913 14927
339 887 428 926 sqq.
455 872 601 913 20195
628 871 762 927 sqq),
798 871 1010 913 Meriones
1043 871 1108 912 bis
1130 871 1183 912 ab
1204 870 1388 912 Hectore

73 930 325 972 interficitur
357 929 413 985 (v.
445 931 559 972 9993
593 933 634 971 et
669 929 847 985 14095),
886 930 998 985 quod
1031 933 1073 971 et
1103 931 1243 984 ipsum
1277 929 1388 983 apud

73 987 273 1030 Daretem
306 990 511 1044 scriptum
531 990 694 1030 invenit
713 989 763 1031 cf.
784 1004 823 1043 p.
844 990 911 1043 24,
944 990 1012 1042 21,
1045 989 1112 1041 28,
1137 989 1201 1030 10
1239 988 1387 1029 Alteio

72 1047 164 1089 loco
195 1051 263 1102 „et
288 1047 547 1090 Merionem“
580 1049 781 1114 quoniam
812 1022 1112 1089 tantum1i10do
1145 1048 1190 1088 in
1225 1047 1314 1088 cod.
1349 1046 1388 1088 G

72 1081 263 1148 additu’m
278 1109 342 1148 est
361 1107 556 1162 equidem
577 1107 773 1161 expunxi,
792 1106 1048 1148 Benedictus
1069 1108 1211 1148 autem
1231 1098 1386 1147 1111111111

73 1165 126 1206 ad
157 1180 309 1207 manus
341 1166 510 1219 habuit,
554 1167 599 1207 in
636 1181 719 1232 quo
758 1166 838 1208 hoc
869 1166 1022 1207 vitiose
1056 1165 1248 1206 additum
1281 1167 1383 1217 erat,

69 1224 251 1267 fortasse
283 1200 604 1280 Sangalleiisein
635 1226 788 1279 ipsum,
821 1225 874 1267 ad
906 1239 1032 1280 quem
1063 1224 1225 1265 fontem
1258 1198 1386 1264 etiani

70 1297 120 1324 ea
140 1298 267 1338 quam
288 1299 416 1338 supra
435 1299 473 1338 p.
494 1283 573 1325 XX
593 1285 1019 1325 commemoravimus
1052 1283 1386 1325 commutatione

68 1342 291 1384 nominum
316 1342 615 1398 „Euphemus“
639 1342 867 1398 (eufemus)
888 1345 930 1384 et
947 1342 1158 1397 „Remus“
1175 1342 1384 1383 ducimur:

68 1415 169 1442 nam
206 1400 262 1456 (v.
295 1402 429 1456 6673)
461 1401 661 1443 Eufemes
694 1402 744 1443 de
775 1401 995 1444 l'Ancoine
1034 1404 1076 1443 et
1108 1400 1257 1442 deinde
1289 1403 1386 1454 post

68 1459 363 1514 Hippothoum
402 1460 590 1516 (Hupoz)
630 1463 672 1502 et
708 1459 923 1514 Cupcsum
960 1460 1015 1515 (v.
1055 1459 1188 1514 6691)
1227 1458 1385 1500 Remus

69 1518 119 1559 de
152 1517 321 1561 Cisonie
352 1520 463 1561 inter
494 1534 614 1574 reges
648 1519 931 1561 Troianorum
963 1521 1277 1560 enumerantur.
1318 1517 1386 1559 Ex

69 1577 215 1618 eodem
253 1593 428 1620 numero
468 1581 568 1620 sunt
606 1578 718 1632 apud
756 1577 957 1619 Daretem
994 1576 1052 1632 (p.
1091 1578 1158 1631 22,
1200 1576 1271 1632 15)
1309 1577 1384 1630 „de

68 1634 335 1690 Colophonia
354 1637 532 1692 Mopsus,
558 1639 605 1679 dc
624 1637 810 1691 Plzrgsyz'a
829 1637 969 1691 Asius,
990 1637 1040 1678 de
1061 1635 1186 1678 Caria
1206 1636 1384 1690 Amphi-

67 1695 244 1737 machus
286 1695 483 1738 Nastes“:
533 1697 578 1737 in
620 1696 740 1737 libris
786 1696 940 1737 desunt
984 1710 1033 1737 ea
1078 1709 1184 1750 quae
1229 1695 1382 1736 litteris

68 1753 251 1809 obliquis
295 1769 449 1797 excusa
502 1758 621 1808 sunt,
681 1755 765 1809 „de
810 1756 933 1797 colof.
979 1755 1138 1796 masius
1184 1768 1302 1795 caras
1348 1768 1383 1794 a.

68 1813 266 1855 nesteus“
297 1815 555 1869 optimorum
588 1815 781 1856 codicum
813 1817 877 1855 est
908 1814 1045 1866 lectio,
1077 1827 1172 1854 cum
1198 1812 1264 1854 his
1285 1826 1383 1854 0011-

67 1872 197 1913 sentit
228 1873 339 1927 quod
370 1872 625 1915 Benedictus
657 1873 787 1913 habet
818 1871 872 1928 (v.
906 1871 1039 1927 6653)

279 1954 343 1996 De
376 1954 568 2010 Colopon
601 1970 683 1996 une
715 1956 885 1997 contree

279 2013 360 2063 Qui
393 2015 442 2055 (10
473 2029 563 2056 11101·
594 2017 658 2056 est
689 2015 885 2056 avirone'e

280 2071 301 2113 Ι
332 2073 422 2114 vint
454 2072 609 2116 Carcas
642 2076 684 2115 et
714 2073 746 2115 F
750 2073 854 2115 icius
1136 2090 1162 2109 ο

277 2130 436 2173 Nestex
469 2132 498 2173 11
530 2132 618 2175 fors
652 2135 694 2174 et
725 2132 934 2175 Fimacus.

165 2295 188 2338 ¹)
214 2294 374 2330 Herbort
399 2307 470 2330 von
497 2295 664 2339 Fritzlar,
692 2296 740 2331 ad
765 2297 908 2332 notatio
935 2296 982 2330 ad
1009 2307 1042 2330 v.
1064 2299 1167 2330 3099.
