1607 2536
198 67 253 109 58

198 163 370 208 planetus
396 163 576 198 femineus
601 168 662 208 29,
686 169 728 199 10

197 210 375 255 plangere
401 215 463 253 25,
484 215 504 245 8

195 257 322 302 plebs,
354 258 484 292 ‘milites
514 259 675 302 yreyarii
706 262 767 302 28,
790 263 831 293 12

200 351 247 385 ad
272 351 483 395 pollicitum
509 352 645 387 reverti
671 356 708 397 2,
731 357 771 388 17

198 398 386 442 postulare
413 398 542 433 Graios
570 403 606 443 7,
628 404 647 434 3
705 400 752 435 ab
776 399 833 434 his

248 449 285 488 7,
309 449 351 480 16

199 492 397 536 praeficere
429 493 689 538 imperatorem
722 501 786 539 31,
814 501 834 532 6

198 539 386 584 praescius
411 540 621 577 futurorum
649 547 709 586 15,
733 548 774 579 18

199 587 429 630 praesentari
455 592 516 631 51,
540 593 580 623 12

195 633 384 677 piaesidia
414 634 551 670 habere
577 640 638 680 49,
659 643 679 672 3
722 639 833 684 fugae

244 685 373 731 49,14

195 712 367 780 princeps
394 734 447 769 rei
479 739 581 779 8,15
611 736 649 782 9,

244 782 304 828 011)
307 793 345 818 es
373 781 581 819 defensores
607 789 669 829 45,
690 791 710 821 3

194 830 444 883 principatum
461 830 597 867 habere
612 844 732 877 super
739 838 795 877 42,
812 839 831 869 7

193 877 335 922 priores
355 877 486 913 Graeci
504 878 595 914 laesi
617 880 773 916 fuissent
799 886 830 926 7,

243 928 286 959 22

192 983 260 1016 pro
287 973 411 1008 aetate
437 974 564 1008 valens
593 977 652 1018 15,
674 977 692 1010 7

193 1019 355 1064 proferre
393 1031 496 1055 arma
534 1025 597 1066 29,
627 1026 645 1057 7
704 1021 830 1058 lumen

193 1114 410 1158 piogenitus
437 1125 458 1149 a
483 1120 545 1158 21,
567 1120 586 1151 6

193 1160 389 1204 prohibere
415 1172 437 1195 a
462 1163 562 1197 terra
587 1168 692 1207 4,14

194 1206 358 1251 proicere
378 1208 464 1243 feris
484 1211 522 1244 et
541 1210 753 1245 xoluoribus
774 1215 830 1255 41,

244 1258 285 1288 17
311 1255 475 1298 proiecto
490 1256 537 1290 ad
556 1268 678 1301 genua
696 1258 830 1303 Astya-

242 1304 350 1336 nacte
376 1306 437 1345 29,
461 1307 502 1337 13

192 1348 327 1392 prolixi
353 1348 461 1394 digiti
490 1355 552 1394 16,
573 1355 593 1385 3

192 1405 391 1439 pronomen
416 1398 657 1440 possessivum
682 1409 754 1442 pro
778 1409 830 1434 re-

241 1443 370 1485 flexivo
396 1447 434 1486 4,
455 1448 475 1478 2
503 1448 539 1487 6,
561 1448 604 1479 21

194 1490 348 1533 propter
366 1471 609 1535 postpositum
634 1496 696 1534 48,
719 1497 737 1527 7

193 1537 369 1580 prosequi
417 1537 642 1573 desiderium
685 1543 748 1584 30,
786 1544 830 1574 22

243 1582 405 1626 aliquem
431 1584 578 1620 ululatu
604 1590 665 1629 43,
687 1591 707 1621 8

193 1629 364 1673 prosilire
389 1630 429 1665 in
454 1643 619 1677 pugnam
645 1637 706 1677 29,
729 1638 773 1669 20

195 1677 390 1722 protegere
423 1677 497 1722 clip
500 1689 543 1713 eo
569 1683 630 1723 21,
651 1685 673 1714 4
704 1684 832 1724 26,14

196 1723 419 1767 protendens
452 1725 571 1760 filium
602 1707 689 1761 a’nte
720 1727 832 1771 pedes

242 1770 412 1806 Hectoris
439 1776 500 1816 29,
521 1777 541 1807 9

196 1828 397 1861 provocare
424 1820 471 1853 ad
495 1820 679 1864 proelium
704 1824 832 1864 43,14

196 1893 397 1955 pugnando
425 1913 605 1948 occiditur
630 1918 690 1959 32,
712 1919 732 1949 2

197 1957 373 2000 pusillum
400 1970 439 1993 os
469 1964 593 2003 14,17

197 2003 408 2045 Quadratus
451 2006 561 2041 homo
601 2012 737 2052 15,11
779 2013 833 2052 16,

199 2097 286 2141 quia
317 2099 391 2133 Ioco
425 2102 626 2136 accusativi
662 2113 742 2136 cum
779 2103 833 2138 in-

244 2145 405 2187 finitivo:
431 2147 574 2182 audivit
597 2149 685 2192 quia
709 2149 833 2186 hostes

245 2192 368 2234 parati
394 2195 479 2228 sunt
507 2198 566 2238 19,
589 2200 632 2230 16

198 2238 289 2282 quid
319 2240 477 2285 venerit,
510 2252 576 2276 cur
606 2247 644 2287 4,
671 2247 716 2277 24
749 2246 785 2286 7,
813 2248 832 2278 2

249 2291 308 2329 12,
330 2293 350 2324 6

676 737 831 785 '’prin-

598 69 752 105 INDEX
776 70 1098 107 LATINITATIS.

869 165 967 210 quod
999 166 1072 201 loco
1103 169 1304 203 accusativi
1337 179 1415 203 cum
1446 170 1502 204 in-

915 214 1075 256 finitivo:
1113 217 1321 259 suspectum
1355 216 1504 251 videtur

917 260 1015 304 quod
1052 263 1131 295 tam
1168 262 1320 307 longum
1359 265 1503 308 tempus

915 308 1167 351 postulassent
1210 313 1270 352 27,
1304 314 1348 344 25
1405 310 1503 354 quod

917 365 999 388 cum
1022 359 1080 399 12,
1102 359 1146 390 25
1173 360 1233 399 21,
1258 361 1297 390 11
1328 357 1427 401 quod
1440 357 1504 392 ubi

918 405 956 443 5,
976 405 996 436 8
1020 406 1061 436 13
1090 406 1150 445 12,
1173 408 1214 437 13

871 447 1056 483 Recedere
1082 460 1104 484 a
1128 451 1227 485 terra
1253 454 1290 495 4,
1312 455 1332 486 6

871 496 908 530 111
933 496 1073 532 recenti
1101 502 1158 542 14,
1182 503 1198 533 1

870 543 1033 588 recipere
1054 556 1176 580 seeum
1199 546 1362 590 aliquem
1383 550 1444 590 20,
1461 550 1502 581 12

870 593 973 626 recta
998 602 1104 626 crura
1131 598 1189 635 16,
1211 597 1231 627 3

870 639 1102 684 recuperatio
1128 640 1291 674 Helenae
1320 644 1379 684 13,
1403 645 1443 674 11

870 686 1036 731 redigere
1067 686 1270 722 exereitum
1306 686 1346 721 in
1376 687 1505 722 urbem

919 737 980 777 24,
1004 737 1046 767 14

867 782 1003 821 referre
1032 781 1151 821 visum
1178 787 1238 829 29,
1259 785 1279 820 2

868 833 1066 869 reformare
1094 833 1130 877 1¹,
1153 834 1172 865 6

867 891 945 915 rem
965 881 1132 917 divinam
1149 878 1271 915 facere
1296 885 1354 925 12,
1377 885 1419 916 12
1448 883 1500 928 19,

915 932 957 962 21
985 933 1047 973 46,
1068 933 1113 964 20

866 977 1122 1011 remanserunt
1139 976 1381 1021 tempestates
1401 979 1443 1010 51
1455 1004 1463 1020 ,
1480 980 1503 1011 4

866 1032 1043 1057 renovare
1069 1024 1216 1058 moenia
1242 1028 1302 1066 28,
1324 1028 1344 1058 3

866 1070 1033 1114 repetere
1059 1070 1242 1115 proelium
1268 1075 1328 1113 25,
1350 1074 1393 1105 23

866 1116 1049 1161 reportari
1069 1117 1230 1161 domum,
1249 1118 1366 1152 redire
1386 1121 1441 1161 51,
1456 1121 1501 1153 20

867 1174 1030 1198 reserare
1055 1165 1203 1208 portam
1229 1168 1290 1208 49,
1311 1169 1334 1198 4
1355 1168 1397 1199 13

867 1220 1058 1254 revocare,
1098 1212 1249 1246 retinere
1289 1215 1352 1255 29,
1384 1216 1427 1246 10
1459 1215 1502 1246 14

914 1268 1079 1303 pugnam
1106 1261 1166 1302 26,
1189 1262 1232 1293 23

867 1317 988 1350 ruere,
1014 1307 1105 1340 mori
1131 1310 1192 1348 52,
1215 1310 1234 1340 6
1255 1310 1274 1340 9
1386 1337 1391 1344 ,

866 1353 970 1389 rufus
998 1357 1059 1397 1,5
1079 1354 1122 1387 11
1147 1356 1188 1388 18
1218 1357 1274 1396 16,
1299 1356 1319 1387 8

866 1412 993 1435 rumor
1009 1400 1124 1435 currit
1141 1410 1208 1444 per
1222 1398 1414 1434 Graeciam
1433 1403 1465 1442 3,
1481 1402 1501 1450 3

868 1447 1040 1483 Saevitur
1065 1447 1200 1482 acriter
1225 1451 1286 1490 38,
1307 1450 1327 1481 8

868 1494 1010 1529 sancire
1034 1494 1164 1528 foedus
1189 1493 1267 1528 iure
1292 1497 1354 1534 33,
1375 1497 1419 1527 22
1475 1538 1481 1544 ι

870 1541 960 1576 satis
1004 1541 1075 1576 sibi
1117 1551 1196 1575 esse
1240 1544 1302 1584 31,
1335 1544 1354 1574 9
1412 1540 1502 1573 satis

917 1587 1087 1623 Troianis
1106 1587 1228 1623 facere
1250 1591 1312 1629 10,
1334 1591 1354 1620 5
1382 1591 1437 1628 11,
1460 1589 1502 1619 14

916 1639 978 1678 22,
1006 1639 1026 1669 3
1071 1633 1199 1669 inferis
1236 1634 1325 1668 satis
1361 1632 1502 1667 factum

916 1693 990 1716 11011
1015 1692 1093 1716 esse
1120 1684 1180 1724 51,
1202 1685 1222 1715 5

869 1729 1035 1763 sauciare
1050 1727 1211 1771 aliquem
1224 1727 1376 1761 vulnere
1391 1729 1446 1768 39,
1459 1730 1501 1759 21

869 1775 1069 1811 secundum
1094 1774 1286 1809 Boeotiam
1310 1773 1382 1808 iter
1418 1772 1505 1807 fecit

869 1850 1106 1922 sepiilchrum
1127 1868 1248 1903 faeere
1263 1866 1375 1902 alicui
1388 1870 1444 1910 41,
1459 1870 1503 1900 20

869 1916 909 1950 111
934 1916 1112 1950 servitute
1137 1915 1274 1949 habere
1301 1918 1403 1958 7,10

870 1963 917 2006 si,
954 1974 1060 1997 nunt:
1096 1963 1222 2007 rogat,
1262 1960 1293 1995 si
1325 1961 1385 1994 0111
1415 1959 1505 2012 quid

917 2010 1065 2054 placeat
1107 2013 1243 2052 19,11
1300 2006 1435 2050 mittit,
1475 2006 1506 2040 si

917 2056 1010 2090 velit
1046 2055 1226 2090 Helenam
1257 2054 1410 2088 reddere
1448 2057 1505 2096 20,

919 2107 962 2137 23

872 2149 1018 2193 signum
1043 2147 1248 2192 eruptionis
1273 2151 1336 2191 49,
1363 2150 1383 2182 5

871 2196 997 2238 simul,
1023 2195 1176 2229 simulac
1201 2198 1263 2237 41,
1284 2198 1304 2229 9

872 2242 1013 2278 solvere
1044 2241 1200 2277 classem
1235 2245 1295 2284 13,
1319 2244 1338 2274 2
1375 2244 1440 2284 20,
1463 2243 1504 2274 12

921 2293 963 2324 16
1001 2299 1134 2324 navem
1162 2292 1221 2332 14,
1243 2292 1262 2322 3
1290 2291 1350 2330 ⁶24,
1373 2291 1391 2321 7
