1607 2536
369 78 432 113 DE
458 77 653 112 EXCIDIO
682 77 860 112 TROIAE
887 76 1128 112 HISTORIA.
1349 77 1401 118 21

99 176 197 218 dam
228 174 423 229 Mysiam.
479 174 532 215 ad
566 173 872 214 Teuthrantem
904 187 1047 228 regem
1080 173 1257 214 veniunt
1288 187 1405 227 prae-

99 235 279 289 damque
305 233 479 275 faciunt.
522 232 732 273 Teuthras
759 246 854 273 cum
881 232 1065 273 exercitu
1093 232 1407 286 superveniunt.

100 307 225 348 quem
250 292 439 334 Achilles
471 291 619 346 fugato
649 291 834 332 exercitu
866 289 1078 332 wiln'erat:
1112 305 1237 345 quem
1269 291 1406 332 iacen-

97 355 185 393 tem
224 351 434 405 Telephus
476 351 610 404 clipeo
648 350 850 403 protexit,
887 363 941 390 ne
980 350 1033 390 ab
1071 349 1237 390 Achille
1279 349 1407 390 inter-

98 411 303 452 ficeretur.
377 412 713 451 commemorant
755 409 867 449 inter
910 422 953 449 se
995 408 1248 463 hospitium,
1296 408 1407 463 quod
1428 418 1444 442 5

99 469 310 523 Telephus
336 483 431 510 eum
463 468 599 509 adhuc
630 481 735 521 puer
760 471 868 520 erat,
901 482 924 508 a
950 470 1071 521 patre
1098 466 1280 508 Hercule
1313 481 1408 521 pro-

99 528 286 582 genitus,
336 542 360 568 a
404 527 665 567 Teuthrante
715 539 814 581 rege
864 526 1050 581 hospitio
1095 528 1288 580 receptus
1334 528 1409 566 est.

98 586 350 628 Diomedem
381 599 525 640 regem
556 585 699 626 ferunt
737 599 786 626 eo
821 588 1012 638 tempore
1049 588 1275 626 venantem
1313 599 1408 626 cum

99 645 218 700 equis
267 644 515 698 potentibus
566 647 608 685 et
656 644 757 685 feris
808 644 861 684 ab
905 642 1087 685 Hercule
1137 643 1408 684 interfectum

99 703 353 744 Teuthranti
399 716 580 758 regnum
616 704 755 744 totum
805 702 1048 744 tradidisse:
1100 702 1154 744 ob
1197 702 1279 743 hoc
1320 702 1409 743 eius

99 762 233 803 filium
282 761 516 816 Telephum
560 761 598 802 ei
643 761 861 815 subpetias
904 761 1083 802 venisse.
1158 760 1269 816 quod
1314 775 1409 802 611111

101 820 312 862 Teuthras
343 820 610 875 intellegeret
642 834 685 861 se
710 820 857 861 eodem
889 820 1062 861 vulnere
1095 824 1276 861 mortem
1309 819 1410 860 effu—

102 893 199 934 gere
226 893 314 921 non
345 893 489 933 posse,
519 892 699 934 regnum
727 893 849 920 suum
875 878 1058 933 Mysiam
1082 879 1201 919 vivus
1222 878 1410 932 Telepho

99 938 276 979 tradidit
308 940 349 979 et
388 952 484 978 eum
520 951 664 992 regem
703 937 926 978 ordinavit.
993 941 1083 978 tum
1122 950 1265 992 regem
1304 936 1409 977 Teu-

99 996 316 1038 thrantem
363 996 574 1050 Telephus
623 996 847 1051 magnifice
902 996 1106 1050 sepelivit.
1181 995 1329 1036 suadet
1373 995 1410 1036 ei

99 1055 306 1109 Achilles,
338 1058 385 1095 ut
411 1069 568 1096 novum
593 1067 774 1109 regnum
801 1057 1039 1096 conservet:
1072 1055 1132 1095 ait
1160 1055 1256 1108 plus
1275 1054 1410 1095 multo

100 1128 196 1155 eum
229 1113 459 1155 exercitum
492 1113 809 1167 adiuvatmnm,
843 1113 877 1154 si
907 1117 1189 1154 commeatum
1208 1113 1411 1154 frumenti

99 1172 302 1214 exercitui
332 1175 623 1226 praepararet,
657 1186 784 1226 quam
806 1172 840 1213 si
862 1172 914 1212 ad
935 1171 1107 1214 Troiam
1127 1172 1218 1213 iret.
1267 1172 1410 1226 itaque

100 1231 311 1285 Telephus
362 1234 564 1272 remanet.
643 1230 832 1272 Achilles
883 1245 978 1272 cum
1021 1244 1179 1286 magno
1228 1231 1410 1285 praedae

100 1290 353 1331 commercio
393 1290 445 1330 ad
484 1289 713 1330 exercitum
752 1289 968 1330 Tenedum
1007 1290 1249 1342 revertit-ur,
1294 1289 1408 1344 Aga-

100 1349 318 1390 memnoni
349 1362 439 1389 rem
472 1351 638 1403 gestam
669 1352 834 1401 narrat,
868 1348 1169 1403 Agamemnon
1202 1347 1411 1403 adprobat

100 1407 340 1449 conlaudat.

196 1539 213 1568 1
247 1534 396 1569 misiam
425 1534 461 1568 L
508 1535 663 1569 mesiam
690 1534 722 1569 G
752 1536 755 1574 Ῑ
784 1534 1035 1569 theutrantem
1064 1533 1138 1569 LG
1162 1535 1165 1575 l
1188 1533 1411 1579 perueniunt

101 1580 134 1615 G
232 1585 251 1615 2
286 1581 456 1616 theutras
484 1581 517 1616 G
565 1581 761 1616 theutrans
796 1581 830 1615 L
862 1583 864 1611 Ι
897 1580 1112 1626 superuenit
1146 1580 1178 1615 G
1285 1585 1304 1615 3
1331 1581 1410 1614 uul-

100 1627 248 1663 nerauit
274 1627 307 1663 G
403 1632 424 1663 4
450 1628 649 1673 thelephus
676 1628 833 1673 elyppeo
859 1639 944 1663 eum
970 1639 1024 1672 pr.
1050 1627 1084 1662 L
1156 1632 1175 1662 5
1191 1631 1275 1672 post
1299 1627 1411 1662 inter-

99 1675 271 1710 ficeretur
297 1674 347 1710 G:
374 1674 674 1710 Commemorant
693 1675 790 1710 inter
810 1685 848 1710 se
867 1675 1075 1720 hospicium
1095 1674 1193 1719 quod
1214 1674 1411 1719 thelephus

100 1733 183 1757 cum
210 1721 330 1757 adhuc
356 1733 449 1768 puer
474 1724 571 1765 erat,
598 1722 647 1756 L:
685 1722 740 1757 Eo
766 1722 864 1757 enim
890 1724 1056 1766 tempore
1088 1721 1259 1766 telephus
1291 1721 1412 1756 adhuc

100 1779 191 1813 puer
217 1771 298 1803 erat
401 1773 418 1803 7
449 1769 600 1805 theutra
625 1769 659 1804 L
712 1769 927 1804 theutrante
954 1769 987 1803 G
1091 1773 1111 1804 8
1143 1768 1268 1804 ferunt
1292 1779 1357 1803 om.
1379 1768 1413 1803 G

101 1815 184 1850 add.
209 1819 290 1860 post
314 1815 402 1851 feris
423 1818 428 1859 Ι
450 1819 648 1852 nexantem
676 1816 780 1859 libri,
812 1826 901 1851 corr.
931 1816 1134 1851 Mercerius
1155 1817 1159 1858 l
1183 1826 1265 1850 cum
1292 1825 1357 1850 om.
1379 1815 1413 1849 L

101 1866 120 1897 9
148 1862 235 1907 equi
260 1861 294 1897 G
342 1874 508 1908 quosque
534 1863 568 1897 L
590 1866 594 1907 ἶ
617 1865 769 1908 potente
796 1862 917 1898 efferis
943 1863 978 1897 L
1076 1867 1118 1897 10
1141 1862 1412 1897 theutrantem-

101 1919 172 1953 que
211 1908 244 1944 G
304 1909 587 1955 theutrantique
612 1910 646 1944 L
675 1913 678 1953 1
707 1920 832 1956 regem
871 1909 904 1945 G
932 1912 936 1953 Ι
965 1910 1087 1944 tutum
1116 1908 1148 1944 G
1177 1911 1181 1952 Ι
1209 1909 1412 1944 reddidisse

99 1955 175 1991 LG
222 1955 420 1992 tradidisse
445 1958 481 1991 A
582 1960 621 1991 11
650 1968 755 2002 supp.
783 1955 816 1992 G
915 1960 957 1991 12
983 1956 1141 2002 intellig.
1168 1955 1202 1990 L
1301 1961 1344 1991 14
1375 1959 1413 1991 et

99 2002 133 2037 L
176 2003 217 2038 in
266 2014 379 2048 mars).
415 2005 419 2045 ἒ
456 2013 614 2048 eumque
653 2003 686 2038 G
721 2008 724 2047 Ι
759 2003 907 2039 ordinat
944 2003 978 2038 L
1016 2006 1018 2046 ξ
1056 2003 1253 2038 tunc—ei
1289 2003 1323 2037 L
1372 2005 1412 2038 in

102 2061 213 2095 mary.
313 2055 356 2085 15
389 2050 592 2095 suadetque
619 2050 652 2085 G
750 2054 793 2086 16
824 2050 892 2096 ait]
921 2053 959 2086 et
991 2050 1023 2085 G
1123 2053 1164 2085 17
1199 2050 1412 2085 adiuturum

101 2096 134 2132 G
156 2100 160 2140 1
183 2097 399 2132 commeatis
432 2097 476 2141 (is
508 2108 598 2133 corr.
632 2099 672 2132 in
697 2099 735 2142 u)
761 2097 795 2132 L
844 2099 1050 2133 commeato
1077 2096 1128 2140 G,
1159 2098 1289 2142 scripse?
1315 2108 1411 2132 com-

100 2145 263 2179 meatum
287 2145 291 2187 1
313 2143 499 2180 frumento
520 2144 552 2179 G
643 2149 685 2180 18
706 2144 883 2180 exercitui
904 2147 1121 2190 prepararet
1140 2144 1173 2178 L
1212 2144 1411 2188 quotannis

100 2190 146 2226 de
172 2201 215 2226 eo
246 2202 361 2237 regno
387 2202 450 2227 eos
478 2191 631 2227 adiuuet
662 2191 711 2236 G,
744 2192 869 2227 malim
899 2193 1120 2238 conpararet
1144 2196 1146 2230 ῖ
1169 2190 1257 2237 iret]
1291 2193 1353 2226 eat
1378 2191 1409 2226 G

103 2241 144 2273 19
170 2247 309 2284 magna,
333 2238 368 2273 L
462 2242 509 2274 20
534 2249 618 2274 eum
644 2239 808 2275 exercitu
841 2238 887 2274 ad
912 2240 987 2274 ten.
1014 2238 1046 2274 G
1144 2242 1186 2273 21
1214 2239 1410 2284 Agamem-

101 2294 175 2319 non
200 2294 266 2320 om.
294 2285 327 2319 L
349 2287 353 2329 1
377 2295 481 2330 appr.
508 2285 552 2321 G.

1430 712 1463 736 10

1431 1003 1463 1029 15

1429 1297 1463 1322 20
