1607 2536
664 28 998 64 PRAEFArio.
1419 0 1530 74 xv*
1555 0 1567 59 ’ξι

175 128 301 167 retur.
362 124 536 166 Etenim
568 139 663 166 cum
694 125 943 180 pervulgata
975 128 1086 167 esset
1117 126 1260 180 opinio
1281 125 1483 168 Daretem

178 184 485 238 antiquissimis
522 184 784 237 temporibus
822 183 999 225 Iliadem
1037 184 1274 238 scripsisse,
1318 185 1482 226 nullum

179 256 332 284 nomen
373 243 531 295 aptiUS‚
572 242 735 283 nullum
779 242 983 284 celebrius
1027 243 1164 284 visum
1209 246 1273 284 est
1313 257 1486 298 quoque·

177 301 343 342 facilius
377 301 470 354 quis
503 303 544 341 et
576 301 771 355 aequales
804 304 846 342 et
875 301 1068 342 homines
1099 302 1346 356 posterioris
1378 304 1488 343 tem—

177 360 293 414 poris
330 359 505 400 falleret.
565 358 706 413 Atque
745 359 781 400 is
820 360 891 414 qui
928 359 1038 401 hanc
1075 359 1266 401 fraudem
1297 360 1490 402 instituit

176 421 267 458 tam
282 417 418 458 audax
432 417 513 458 fuit
526 420 568 458 et
582 418 828 458 credulitate
842 418 1064 459 hominum
1084 418 1187 459 adeo
1202 419 1386 460 confisus
1407 422 1486 471 est,

178 478 226 516 ut
257 476 504 517 difficultate
536 490 643 530 quae
674 476 771 517 inde
802 479 1012 529 movetur,
1044 477 1156 531 quod
1188 477 1486 531 antiquis-sima

179 535 252 575 illa
291 533 461 576 Daretis
502 534 602 575 Ilias
642 535 833 576 versibus
876 535 1033 589 scripta
1078 535 1208 576 fuisse
1252 535 1485 588 videbatur,

180 593 304 647 plane
339 593 533 648 neglecta
573 593 857 634 miserrimum
897 593 1086 634 libellum
1121 608 1244 634 suum
1275 596 1486 634 vetustate

182 654 393 692 sacratum
424 652 562 692 vellet.

297 708 444 763 Neque
475 724 573 750 vero
605 710 647 750 id
680 709 791 763 quod
822 709 922 751 fecit
952 712 1098 752 auctor
1129 710 1253 751 huius
1285 710 1384 751 libri
1416 710 1487 751 ad-

179 768 352 809 modum
374 769 589 809 insuetum
609 769 684 808 aut
701 768 940 809 inauditum
961 771 1062 822 erat,
1093 783 1194 809 nam
1215 783 1310 809 cum
1329 783 1486 810 nomen
1514 813 1517 815 .

181 826 355 868 Troiani
391 825 562 867 Daretis
601 841 676 867 suo
714 827 823 867 libro
861 827 1113 868 inscriberet
1143 827 1269 868 modo
1302 827 1486 881 reliquos

181 885 252 939 qui
285 885 333 925 de
366 885 512 926 eadem
537 885 715 926 materia
748 886 1008 939 scripserunt
1026 885 1217 926 imitatus
1238 887 1312 926 est.
1372 884 1487 926 Nam-

180 942 329 996 Dictys
374 942 605 997 Cretensis,
662 944 740 985 sub
791 944 909 985 cuius
958 944 1130 985 nomine
1178 943 1487 1009 Ephemeridos

181 1001 289 1042 Belh
309 1001 482 1043 Troiani
516 1002 614 1043 libri
641 1016 712 1043 sex
733 1002 1095 1056 circumfer-,untur
1127 1005 1174 1043 ut
1206 1002 1318 1056 apud
1349 1003 1489 1056 ipsum

180 1061 362 1114 legimus
407 1059 470 1115 (in
512 1060 710 1115 Epistola
755 1064 797 1101 et
838 1060 1041 1115 Prologo,
1085 1063 1304 1114 praeterea
1348 1063 1489 1102 autem

182 1119 310 1159 etiam
341 1119 362 1159 I
397 1120 448 1161 13
480 1119 521 1161 V
557 1121 607 1160 17
641 1119 704 1160 VI
737 1118 782 1173 2)
815 1134 954 1160 comes
969 1094 1202 1160 &Idomenei
1234 1122 1342 1173 erat,
1375 1118 1488 1173 Sisy-

181 1177 290 1231 phus
333 1176 444 1219 Cous
484 1180 591 1218 teste
632 1177 789 1218 Malala
830 1176 1203 1233 (Chronographia
1233 1177 1274 1218 V
1305 1193 1344 1231 p
1386 1177 1489 1232 168)

182 1235 333 1276 Teucri
365 1236 503 1277 scriba
533 1237 644 1277 bello
676 1235 860 1277 Troiano
893 1236 1086 1277 interfuit
1112 1238 1236 1291 atque
1269 1237 1357 1277 eius
1390 1236 1490 1277 belli
1531 1265 1539 1268 -

182 1294 405 1335 historiam
437 1294 629 1348 confecit,
662 1309 711 1335 ex
743 1309 824 1349 quo
857 1297 1028 1348 postero
1061 1298 1250 1349 tempore
1275 1294 1488 1336 Homerus

182 1352 370 1405 Iliadem,
383 1350 598 1408 Vergilius
609 1353 840 1394 Aeneidem
861 1353 1060 1406 condidit,
1081 1354 1261 1408 denique
1275 1352 1488 1405 Corinnus

183 1408 308 1465 (teste
341 1410 470 1452 Suida
502 1412 579 1452 sub
601 1409 843 1467 Κόριννος)
862 1411 1102 1453 Palamedis
1123 1412 1353 1466 discipulus
1386 1414 1487 1465 erat,

184 1470 255 1523 qui
274 1470 386 1510 inter
405 1469 571 1510 Bellum
590 1470 823 1511 Troianum
842 1470 994 1511 litteris
1027 1469 1193 1512 Doricis
1221 1485 1245 1511 a
1265 1469 1491 1511 Palamede

182 1528 367 1569 inventis
405 1528 581 1569 Iliadem
619 1530 804 1570 carmine
837 1529 1093 1583 composuit,
1137 1529 1248 1570 unde
1278 1528 1491 1570 Homerus

185 1601 308 1627 suum
341 1590 638 1642 argumentum
670 1588 824 1628 hausit.

301 1645 442 1700 Atque
473 1646 516 1687 id
548 1646 661 1701 quod
691 1646 825 1687 voluit
855 1646 926 1686 ille
962 1646 1090 1687 homo
1122 1646 1326 1687 levissimi
1361 1645 1493 1686 animi

183 1704 332 1744 melius
372 1707 413 1745 et
448 1705 634 1758 plenius,
679 1719 805 1759 quam
839 1704 1064 1759 quisquam
1097 1705 1349 1758 suspicetur,
1395 1718 1493 1745 con-

184 1765 352 1803 secutus
385 1765 459 1804 est.
520 1762 696 1804 Etenim
727 1763 925 1804 omnibus
958 1763 1136 1804 saeculis
1168 1763 1340 1803 fuerunt
1370 1762 1494 1803 multi

185 1822 227 1860 et
258 1821 519 1875 amplissima
551 1822 743 1863 doctrina
764 1822 904 1863 ornati
922 1822 1013 1875 viri,
1045 1821 1117 1875 qui
1143 1821 1185 1862 id
1206 1821 1318 1876 quod
1336 1820 1492 1862 litteris

183 1879 388 1920 traditum
429 1883 519 1921 erat
558 1895 634 1934 pro
676 1894 774 1921 vero
815 1880 1022 1921 habentes
1062 1880 1285 1921 historiam
1324 1878 1493 1920 Daretis

184 1938 379 1990 primitus
389 1952 538 1993 graece
553 1939 753 1992 scriptam
767 1938 897 1979 fuisse
913 1939 1242 1992 arbitrabantur,
1256 1938 1490 1979 novissimo

185 1999 375 2050 tempore
407 1996 712 2052 Dederiehus1)
745 1999 787 2037 et
808 1995 1085 2052 Cholevius2).
1146 1996 1336 2038 Fuerunt
1366 1996 1499 2037 etiam

185 2055 256 2107 qui
295 2055 395 2096 olim
434 2056 742 2110 amplissimum
773 2054 942 2097 Daretis
982 2071 1087 2110 opus
1125 2056 1255 2096 latine
1288 2055 1494 2109 scriptum

284 2147 309 2192 ¹]
347 2147 466 2182 Praef.
505 2148 544 2182 in
581 2148 772 2192 Dictynp
743 2148 747 2150 ’
748 2161 782 2192 p.
816 2152 876 2191 22,
909 2148 948 2182 in
974 2148 1148 2182 Daretem
1173 2159 1210 2191 p.
1237 2152 1268 2182 6.
1368 2146 1394 2190 2)
1422 2146 1507 2181 Ge-

185 2193 350 2246 schichte
382 2195 446 2255 der
480 2195 682 2230 deutschen
714 2194 842 2230 Poesie
874 2195 971 2229 nach
1007 2195 1113 2229 ihren
1147 2194 1301 2229 antiken
1339 2193 1503 2274 911011οἨ

184 2239 339 2286 Leipmg
366 2246 456 2276 1804
476 2243 491 2276 I
510 2254 544 2287 p.
568 2247 644 2278 109.

1456 2306 1506 2334 IS

466 2353 569 2434 “re
1403 2354 1510 2396 ⁴ibe-

463 2437 476 2462 1
504 2417 614 2459 libro
647 2457 661 2463 ss
