1607 2536
151 136 180 166 1,
666 119 996 156 PRAEFATm.

152 232 197 260 se
238 218 362 272 plane
406 217 722 259 consentientes
770 231 794 257 a
831 215 1006 258 Nicolas
1057 215 1266 258 Gonzales
1313 230 1458 257 mense

154 276 367 318 decembri
399 290 436 317 a.
459 276 583 330 1350,
602 290 711 317 unus
739 273 859 330 (bibl.
879 273 1052 316 Scorial.
1071 274 1124 316 H.
1143 274 1175 315 I.
1196 273 1241 329 6)
1262 275 1461 328 castilica,

153 335 260 376 alter
299 332 417 390 (bibl.
458 333 603 376 Osuna
644 336 679 375 1.
710 333 763 375 N.
802 332 873 386 16)
912 333 1088 388 galicica
1125 333 1274 388 lingua
1305 334 1464 387 scripti.

151 393 274 435 Alius
308 392 398 434 cod.
430 393 531 434 bibl.
564 391 724 434 Seorial
755 392 800 433 L.
832 391 887 434 II.
911 392 964 433 16
995 392 1215 433 metricam
1243 391 1463 433 Benedicti

151 452 392 493 versionem
424 452 625 493 continet.

265 509 521 551 Brevissime
554 511 810 551 disseramus
841 510 941 552 licet
959 510 1010 551 de
1031 510 1193 551 duobus
1214 510 1461 564 posterioris

147 569 353 623 temporis
392 569 590 624 operibus
630 571 756 624 atque
792 569 976 623 primum
1015 568 1065 609 de
1097 583 1146 610 eo
1179 568 1290 623 quod
1333 567 1462 610 Wol-

144 629 307 680 framo
347 627 738 670 Eschenbcwensi
777 627 885 669 falso
927 627 1182 669 adscribitur
1221 627 1319 680 „der
1359 626 1462 667 Tro-

143 686 424 742 janerkrieg“.
462 686 744 728 Asservatum
776 688 841 728 est
877 686 922 727 in
959 686 1048 727 eod.
1079 685 1328 727 monasterii
1359 684 1461 726 Got-

148 745 344 787 wicensis
385 760 490 787 saec.
522 744 626 786 XIV
671 748 712 786 et
748 745 835 786 fere
873 745 1018 786 30000
1049 758 1248 785 versuum
1280 744 1460 797 comple-

148 804 289 858 ctitur,
332 804 498 845 minimi
542 804 689 858 pretii,
733 804 888 858 quippe
931 804 975 844 in
1020 817 1102 857 quo
1148 802 1459 843 diversissimae
1540 819 1543 821 ·

147 862 318 904 fabulae
359 863 449 904 sine
491 865 581 903 arte
628 864 670 903 et
716 862 870 903 iudicio
915 861 1246 915 confundantur,
1290 859 1460 901 Daretis

147 924 289 963 autem
321 922 438 963 cuius
470 935 628 962 nomen
658 935 746 962 non
765 922 1121 962 commemoratur
1138 934 1275 974 pauca
1292 921 1463 960 tantum

147 980 330 1035 vestigia
362 979 664 1034 deprehendas.

263 1038 409 1080 Etiam
446 1039 492 1079 in
527 1041 642 1080 terra
680 1038 1003 1092 septentrionali
1039 1037 1199 1078 bellum
1230 1036 1463 1078 Troianum

146 1098 330 1150 enotuit,
374 1097 485 1152 quod
530 1111 578 1139 eo
622 1096 789 1138 facilius
832 1096 994 1138 factum
1037 1098 1102 1137 est
1145 1095 1257 1150 quod
1299 1095 1463 1137 incolae

145 1156 260 1197 illius
298 1158 437 1197 terrae
476 1156 685 1210 originem
725 1169 845 1196 suam
884 1155 938 1196 ad
968 1154 1176 1196 Troianos
1206 1153 1461 1195 referebant.

144 1214 279 1256 Extat
310 1215 418 1256 liber
448 1214 634 1269 pedestri
667 1214 857 1256 oratione
890 1214 1071 1268 scriptus
1096 1212 1247 1254 incerti
1277 1213 1461 1254 auctoris

148 1274 221 1329 qui
265 1274 495 1328 inscriptus
546 1275 611 1314 est
656 1270 997 1326 Trojum'anna
1038 1269 1229 1324 Sa9a1).
1301 1270 1464 1312 Auctor

146 1333 372 1388 praecipue
403 1331 605 1373 Daretem
637 1332 837 1386 sequitur,
868 1331 937 1372 hic
968 1331 1055 1372 11110
1086 1329 1284 1371 Ovidium
1309 1328 1464 1370 Pinda-

145 1406 242 1432 rum
273 1390 524 1432 Thebanum
556 1393 598 1431 et
628 1390 906 1444 Theodulum,
938 1390 1016 1431 sub
1047 1389 1176 1430 finem
1207 1387 1458 1442 Vergilium.

264 1448 358 1491 Iam
388 1464 487 1491 vero
518 1451 664 1503 restat,
707 1451 756 1489 ut
785 1448 837 1489 iis
870 1448 943 1503 qui
974 1448 1020 1489 in
1051 1446 1212 1488 edendo
1243 1446 1324 1488 hoc
1363 1447 1463 1488 scri-

145 1511 267 1562 ptore
299 1509 482 1563 benigne
513 1522 582 1549 me
614 1507 884 1559 adiuverunt,
931 1506 1157 1561 praecipue
1194 1504 1464 1546 Richardo

143 1567 443 1618 Foerstero,
476 1566 666 1609 Carolo
697 1566 936 1616 Halmio,
968 1565 1235 1607 Ludovioo
1266 1562 1463 1616 Jeepio,

143 1625 399 1668 Eduardo
442 1625 760 1677 Woelfflino
796 1625 955 1680 gratias
989 1637 1115 1679 agam
1148 1622 1368 1664 maximas.

249 1788 273 1832 1)
300 1787 396 1822 edid.
416 1788 442 1822 Ι.
465 1787 705 1832 Signi-(isson,
731 1786 894 1821 Annaler
919 1785 975 1821 for
994 1785 1147 1820 nordisk
1169 1783 1464 1829 Oldkyndighed

153 1839 242 1870 1848
270 1834 315 1869 cf.
341 1835 493 1880 Dunger
516 1835 540 1869 l.
567 1834 590 1869 1.
617 1846 651 1879 p.
680 1837 725 1868 74
750 1844 850 1878 seqq.
