1607 2536
189 723 222 748 10

232 85 291 125 48
672 83 880 118 DARETIS
906 83 1107 119 PHRYGH

354 180 440 222 XL.
502 181 800 234 Agamemnon
838 180 946 220 clam
984 182 1112 221 noctu
1150 193 1295 220 omnes
1334 180 1458 221 duces
1496 180 1542 220 in

239 239 462 281 consilium
495 242 701 280 convocat
732 238 879 279 eadem
910 237 1056 291 refert,
1089 238 1189 292 quid
1223 238 1372 293 cuique
1404 238 1541 279 videa-

238 301 308 339 tur
345 298 480 339 dicere
518 297 711 351 imperat.
773 296 969 337 omnibus
1001 297 1205 350 placitum
1242 299 1324 350 est,
1360 300 1407 337 ut
1438 297 1542 338 fides

240 356 527 410 proditoribus
549 359 796 396 servaretur.
852 353 998 395 Ulixes
1023 358 1065 395 et
1082 353 1241 396 Nestor
1272 355 1468 396 dixerunt
1500 369 1542 396 se

239 415 373 456 vereri
392 414 501 455 hanc
521 428 609 454 rem
641 413 798 467 subire,
823 412 1130 467 Neoptolemus
1150 413 1228 454 hos
1249 413 1423 466 refutat,
1444 413 1544 454 dum

239 474 351 514 inter
383 487 426 514 se
459 475 640 525 certant,
672 472 875 526 placitum
901 474 966 512 est
995 472 1164 526 signum
1190 486 1215 512 a
1239 471 1544 526 Polydamante

240 532 352 586 exigi
395 534 438 572 et
480 531 523 572 id
566 531 706 584 ipsum
750 534 916 584 propter
959 529 1161 571 Sinonem
1199 530 1253 571 ad
1288 530 1465 571 Aenean
1504 534 1546 571 et

239 590 458 631 Anchisen
502 592 543 631 et
586 590 848 630 Antenorem
897 588 1021 630 mitti.
1096 587 1229 630 Sinon
1279 588 1331 630 ad
1373 589 1545 630 Troiam

239 648 523 703 proficiscitur
561 651 603 689 et
641 648 740 702 quia
776 647 967 688 nondum
1005 647 1142 688 claves
1183 650 1330 700 portae
1367 648 1546 701 Amphi-

242 707 416 748 machus
437 706 683 748 custodibus
703 705 952 758 tradiderat,
984 705 1107 760 signo
1129 705 1228 746 dato
1249 704 1383 747 Sinon
1400 719 1546 746 vocem

241 766 411 806 Aeneae
456 768 498 806 et
541 764 754 806 Anchisae
791 767 834 805 et
870 763 1102 805 Antenoris
1147 763 1354 805 audiendo
1396 764 1568 805 confir-'

242 827 382 865 matus
426 823 742 878 Agamemnoni
785 823 1013 863 renuntiat.
1092 825 1194 864 tunc
1236 823 1437 876 placitum
1484 824 1548 863 est

244 883 460 936 omnibus,
497 885 545 923 ut
575 882 680 922 fides
719 881 888 922 daretur
913 881 1183 922 iureiurando
1216 879 1549 933 confirmaretur,

243 944 291 982 ut
329 941 365 982 si
402 941 605 995 oppidum
643 940 838 994 proxima
873 942 997 981 nocte
1032 939 1310 981 tradidissent
1338 939 1549 980 Antenori

208 1014 224 1040 5
243 999 500 1054 Ucalegonti
531 999 831 1053 Polydamanti
860 999 1030 1039 Aeneae
1062 997 1220 1040 Doloni
1258 999 1428 1053 suisque
1461 1012 1548 1039 om·

242 1059 369 1099 nibus
413 1057 661 1112 parentibus
711 1057 814 1098 fides
861 1059 1099 1097 servaretur
1139 1071 1218 1098 nec
1261 1072 1348 1098 non
1403 1056 1548 1097 liberis

244 1117 496 1172 coniugibus
529 1115 858 1170 consanguineis
884 1115 1030 1157 amicis
1062 1115 1330 1169 propinquis,
1362 1116 1434 1170 qui
1465 1129 1549 1155 una

244 1178 549 1216 consenserant
599 1188 757 1229 suaque
807 1174 952 1214 omnia
995 1174 1224 1214 incolumia
1267 1173 1348 1214 sibi
1392 1173 1549 1214 habere

243 1233 378 1275 liceat.
427 1234 508 1275 hoc
539 1236 664 1287 pacto
691 1232 940 1274 confirmato
971 1235 1014 1273 et
1044 1232 1314 1273 iureiurando
1347 1231 1548 1273 adstricto

341 1412 359 1442 1
387 1410 494 1442 nocte
514 1408 548 1441 L
569 1409 573 1451 Ι
596 1407 707 1442 duces
728 1417 794 1441 om.
815 1405 849 1441 G
945 1411 964 1441 2
986 1407 1097 1442 uocat
1116 1405 1150 1440 G
1171 1407 1176 1449 }
1199 1405 1381 1450 quidquid
1400 1405 1433 1438 L
1530 1409 1550 1439 3

243 1454 379 1526 dicereh
397 1454 431 1487 L
455 1456 497 1489 in
521 1465 634 1499 τηαν-9.
658 1457 661 1498 Ι
685 1453 781 1488 unde
807 1453 978 1488 omnibus
1004 1453 1038 1487 L
1134 1456 1156 1486 4
1187 1452 1308 1488 uereri
1333 1463 1371 1487 se
1400 1451 1434 1487 G
1530 1456 1550 1486 5

382 1509 437 1527 ane

242 1547 392 1590 omnem
421 1547 500 1572 rem
531 1536 565 1570 L
619 1536 715 1570 hanc
745 1534 996 1570 temeritatem
1027 1534 1062 1571 G
1088 1537 1094 1579 l
1120 1535 1239 1580 Neop.
1270 1534 1361 1569 item
1396 1544 1457 1569 eos
1490 1532 1550 1578 G}

245 1591 315 1609 omn
330 1591 348 1609 ἃ

245 1618 314 1653 hos
333 1618 368 1652 L
447 1622 467 1652 6
489 1617 577 1652 dum
596 1617 630 1650 L
648 1618 690 1652 in
708 1628 821 1662 mary.
850 1619 854 1660 1
883 1619 1073 1652 certantur
1092 1617 1126 1650 L
1206 1621 1224 1650 7
1246 1616 1337 1651 exiit
1350 1615 1385 1651 G
1406 1617 1410 1659 Ι
1433 1615 1553 1660 psino·

244 1676 332 1699 nem
356 1664 448 1706 LG,
479 1666 632 1709 propter
656 1663 695 1698 id
720 1664 743 1698 i.
770 1664 994 1699 Dederichus
1090 1668 1111 1699 8
1138 1665 1176 1698 et
1203 1673 1269 1697 om.
1296 1663 1330 1698 G
1351 1665 1355 1705 Ι
1377 1662 1495 1697 mittit
1520 1660 1554 1696 G

247 1716 268 1747 9
295 1715 426 1756 portae
451 1721 518 1746 om.
545 1710 579 1745 G
600 1712 605 1755 l
628 1712 719 1745 cust.
746 1710 880 1755 Amph.
901 1710 935 1745 G
1033 1715 1075 1745 10
1095 1721 1184 1745 uoce
1205 1710 1239 1744 G
1336 1714 1377 1744 11
1403 1708 1554 1743 anchise

245 1757 437 1793 antenoris
463 1768 609 1802 quoque
631 1757 664 1791 G
686 1759 690 1800 Ι
713 1757 951 1792 confirmatur
971 1756 1005 1791 G
1102 1760 1144 1791 12
1170 1756 1312 1801 placuit
1330 1755 1501 1790 omnibus
1521 1754 1555 1789 G

249 1809 292 1840 13
324 1805 436 1840 fidem
468 1804 549 1838 dari
579 1804 726 1839 foedere
758 1803 895 1838 firmari
927 1803 1006 1838 iure
1037 1803 1194 1838 iurando
1256 1802 1390 1848 stringi
1421 1802 1455 1838 G
1479 1806 1557 1837 tum

247 1898 378 1921 cauere
405 1886 477 1922 sibi
502 1887 549 1921 ab
575 1885 633 1920 his
653 1887 695 1920 ut
714 1896 800 1930 opp.
821 1885 855 1920 G
903 1887 941 1920 et
959 1859 1090 1930 capere
1117 1885 1161 1919 de
1186 1884 1245 1920 his
1266 1884 1337 1919 sibi
1355 1885 1398 1919 ut
1417 1895 1502 1929 opp.
1522 1883 1556 1917 L
1595 1907 1599 1909 -

251 1972 295 2003 14
328 1942 545 2003 tradidisset
570 1941 608 2002 gt
632 1967 666 2001 L
723 1967 908 2011 prodisset
935 1969 1000 2002 aut
1031 1966 1065 2002 G
1092 1969 1096 2012 1
1125 1966 1367 2012 ypedamanti
1391 1965 1425 1999 L
1479 1967 1555 2001 ant.

249 2026 364 2049 eneae
395 2014 592 2060 ucalegoni
623 2013 860 2058 phidamanti
885 2014 997 2049 dolon
1023 2013 1057 2049 G
1156 2018 1200 2048 15
1225 2013 1361 2048 Doloni
1387 2012 1552 2057 suisque]

252 2062 489 2106 dolosuisque
515 2061 548 2095 L
646 2065 689 2095 16
715 2060 951 2095 fides—non
975 2071 1041 2096 om.
1063 2060 1097 2095 G
1195 2065 1236 2095 17
1264 2070 1368 2105 prop.
1396 2070 1466 2093 am.
1493 2058 1527 2093 G
1548 2059 1552 2104 Ι

1118 2115 1139 2133 U

249 2143 315 2187 qui
350 2153 416 2177 om.
454 2143 504 2187 L,
536 2153 682 2187 quoque
717 2141 751 2176 G
854 2146 896 2176 18
928 2143 1190 2177 consenserant
1222 2141 1257 2175 L
1305 2140 1558 2175 coniurassent

249 2189 422 2224 omnibus
447 2190 559 2224 fidem
584 2189 742 2234 prestari
762 2188 795 2223 G
817 2190 821 2231 Ι
845 2199 984 2232 suaque
1008 2199 1121 2223 causa
1145 2187 1270 2223 omnia
1295 2187 1493 2232 (incoloma
1517 2188 1557 2221 in

250 2239 378 2280 mam.)
412 2236 483 2271 sibi
515 2237 550 2270 h.
583 2236 606 2270 1.
641 2235 674 2269 L
730 2246 867 2279 suaque
901 2245 1005 2269 sacra
1029 2235 1127 2269 bona
1152 2245 1183 2269 o.
1211 2234 1284 2269 sibi
1310 2234 1497 2268 incolom'a
1521 2233 1557 2268 h.

251 2293 360 2327 posse
381 2282 415 2317 G
466 2285 503 2319 et
528 2283 611 2318 add.
646 2282 679 2316 V
781 2286 822 2317 19
849 2282 918 2317 hoc
947 2293 1012 2316 om.
1038 2282 1073 2315 L
1093 2284 1098 2326 Ι
1121 2284 1158 2316 et
1183 2292 1248 2316 om.
1275 2280 1350 2316 LG
1372 2281 1376 2326 Ι
1399 2283 1485 2316 astr.
1513 2279 1556 2315 G.
