1607 2536
101 719 134 743 10

101 1011 134 1037 15

102 1305 137 1329 20

152 85 207 125 36
588 82 795 118 DARETIS
821 81 1023 117 PHRYGH

269 178 400 220 XXX.
469 179 769 233 Agamemnon
813 179 912 219 dum
957 178 1144 219 indutiae
1181 181 1280 219 sunt
1324 177 1456 218 mittit

152 239 204 280 ad
254 238 464 279 Achillem
515 237 673 279 Ulixen
727 236 954 278 Nestorem
1004 240 1046 277 et
1100 236 1360 285 Diomeden,
1410 240 1456 277 ut

150 300 304 352 rogent
347 311 443 337 eum
487 297 532 337 in
575 296 734 336 bellum
783 296 962 349 prodire.
1037 295 1223 350 abnegat
1268 295 1455 335 Achilles

151 358 356 409 maestus,
396 355 508 409 quod
540 355 624 395 iam
657 354 942 395 destinaverat
978 355 1023 395 in
1054 354 1212 394 bellum
1243 367 1331 394 non
1362 367 1456 407 pro-

154 415 241 455 dire
283 414 336 455 ob
378 414 420 454 id
462 413 574 468 quod
612 413 864 467 promiserat
894 412 1112 466 Hecubae,
1154 415 1227 453 aut
1264 415 1374 453 certe
1414 425 1456 452 se

152 473 294 513 minus
320 475 610 527 pugnaturum
639 486 687 512 eo
715 471 827 526 quod
847 471 1106 526 Polyxenam
1128 471 1245 511 valde
1269 471 1456 511 amabat:

152 531 305 585 coepit,
341 531 451 572 male
501 545 573 572 eos
624 530 810 584 accipere
867 530 939 585 qui
989 530 1042 570 ad
1091 544 1186 570 eum
1244 532 1458 580 venerant,

153 590 296 631 dicens
329 590 480 630 debere
511 592 760 643 perpetuam
792 603 940 642 pacem
972 588 1079 642 fieri,
1119 591 1241 628 tanta
1272 587 1458 640 pericula

152 649 277 689 unius
298 648 487 689 mulieris
514 662 642 689 causa
666 647 774 702 fieri,
799 648 1040 688 libertatem
1063 646 1310 700 periclitari,
1336 648 1458 686 tanto

153 709 344 761 tempore
377 707 585 748 desidere:
624 720 771 760 pacem
803 706 1063 760 expostulat,
1097 718 1287 759 pugnare
1319 706 1458 758 negat.

150 765 469 820 Agamemnoni
509 765 778 805 renuntiatur
825 764 926 819 quid
969 778 1065 805 cum
1109 763 1274 804 Achille
1318 765 1460 803 actum

152 825 224 878 sit,
265 824 386 864 illum
427 823 700 877 pertinaciter
737 836 904 877 negare.
972 822 1272 877 Agamemnon
1313 835 1459 862 omnes

152 883 277 924 duces
304 882 349 922 in
375 882 599 923 consilium
625 884 766 934 vocat,
798 881 1027 922 exercitum
1062 880 1162 935 quid
1193 880 1285 921 fieri
1310 879 1462 920 debeat

153 941 355 994 consulit,
387 941 571 994 imperat
603 940 739 981 dicere
766 940 867 994 quid
888 939 1037 994 cuique
1068 939 1271 980 videatur.
1318 937 1460 978 Mene-

154 1001 246 1041 laus
284 999 448 1040 hortari
486 999 626 1053 coepit
668 999 843 1039 fratrem
882 1013 1023 1051 suum,
1066 1000 1114 1038 ut
1151 997 1380 1038 exercitum
1417 996 1463 1036 in

153 1071 345 1113 pugnam
382 1058 650 1112 produceret,
690 1071 768 1098 nec
806 1057 956 1098 debere
994 1056 1160 1109 terreri,
1202 1056 1237 1096 si
1274 1055 1462 1096 Achilles

156 1131 200 1158 se
227 1116 507 1169 excusaverit,
534 1130 578 1157 se
603 1118 748 1157 tamen
768 1130 1069 1169 persuasurum
1089 1115 1144 1167 ei,
1175 1116 1222 1155 ut
1240 1113 1286 1154 in
1304 1113 1463 1154 bellum

153 1176 350 1230 prodeat,
376 1189 453 1216 nec
479 1174 632 1228 vereri,
659 1175 695 1215 si
720 1174 915 1215 noluerit.
965 1186 1295 1215 commemorare
1326 1171 1464 1224 coepit

155 1234 364 1276 Troianos
396 1248 484 1274 non
522 1233 678 1274 habere
711 1232 841 1274 alium
872 1232 1011 1273 virum
1047 1235 1138 1273 tam
1168 1231 1322 1272 fortem
1355 1230 1465 1270 sicut

155 1292 316 1334 Hector
353 1292 445 1333 fuit.
514 1291 740 1332 Diomedes
779 1294 821 1332 et
858 1290 1003 1332 Ulixes
1052 1290 1188 1331 dicere
1235 1290 1466 1342 coeperunt

157 1351 349 1392 Troilum
387 1365 474 1391 non
512 1351 652 1391 minus
691 1365 819 1405 quam
850 1349 1078 1391 Hectorem
1109 1349 1246 1389 virum
1285 1345 1464 1388 fortissi-

158 1425 275 1451 mum
319 1423 421 1450 esse.
501 1408 699 1450 Diomedi
749 1411 792 1449 et
832 1407 949 1449 Ulixi
995 1407 1213 1448 Menelaus
1262 1405 1464 1446 resistens

157 1469 317 1510 bellum
349 1468 438 1523 geri
471 1467 687 1509 suadebat.
747 1466 925 1508 Calchas
957 1481 1008 1507 ex
1040 1465 1216 1520 augurio
1248 1463 1468 1517 respondit

160 1527 310 1568 debere
355 1540 546 1581 pugnare
594 1540 673 1567 nec
716 1526 850 1566 vereri
901 1525 1013 1580 quod
1060 1524 1186 1566 modo
1231 1522 1466 1576 superiores

128 1598 143 1622 5
162 1585 337 1626 Troiani
367 1585 536 1626 fuerint.

256 1777 273 1806 1
300 1772 394 1806 fiunt
413 1772 509 1813 libri,
530 1772 616 1805 sunt
637 1770 839 1804 Marem-ius
900 1772 919 1802 2
940 1770 1032 1803 nest.
1054 1767 1101 1802 ul.
1123 1768 1233 1802 diom.
1254 1767 1288 1802 G
1372 1771 1391 1801 3
1414 1777 1469 1800 ro-

89 1811 93 1851 ζ
160 1820 293 1864 garent
312 1818 346 1853 G
368 1821 372 1862 Ι
394 1818 499 1863 prod.
519 1817 559 1852 in
577 1817 612 1852 b.
634 1817 668 1852 G
690 1819 693 1860 Ι
717 1817 880 1861 abnegat
898 1826 965 1850 om.
985 1815 1018 1848 L
1115 1819 1135 1849 5
1162 1814 1276 1859 quod]
1299 1814 1387 1858 quia
1407 1812 1440 1847 G
1463 1813 1467 1858 Ι

160 1877 198 1900 se
223 1877 289 1900 om.
322 1865 356 1899 L
459 1869 478 1899 7
511 1876 573 1899 eos
605 1864 702 1899 male
729 1863 762 1898 G
789 1863 793 1908 Ι
823 1863 870 1897 ad
900 1874 937 1897 se
968 1861 1002 1896 G
1104 1866 1124 1896 8
1157 1862 1282 1896 dicens
1313 1871 1379 1895 om.
1406 1859 1465 1905 L}

160 1924 262 1957 perp.
295 1924 331 1956 p.
364 1912 398 1946 d.
430 1912 456 1946 f.
491 1911 524 1946 G
552 1913 557 1954 Ι
586 1909 955 1956 pacem—desidere
987 1920 1053 1943 om.
1086 1908 1119 1942 L
1237 1913 1279 1943 10
1322 1917 1470 1953 pugnae

159 1959 350 1993 renuntiat
387 1958 420 1992 G
535 1963 576 1992 11
611 1958 708 2002 cum]
743 1957 789 1991 ab
822 1956 855 1990 L
969 1960 1010 1990 13
1052 1954 1246 1990 consilium
1284 1965 1364 1999 sup.
1406 1953 1471 1987 lin.

161 2006 245 2040 add.
277 2005 311 2039 L
338 2007 342 2049 Ι
372 2006 552 2039 conuocat
583 2004 618 2039 G
648 2007 652 2047 Ι
680 2015 777 2038 cons.
810 2003 901 2047 quid
934 2002 958 2036 f.
992 2002 1027 2036 d.
1060 2002 1093 2037 G
1121 2004 1125 2046 Ι
1153 2002 1264 2036 debet
1294 2002 1328 2035 L
1429 1999 1473 2034 14

162 2052 252 2096 quid
278 2052 337 2087 cui
356 2051 391 2086 G
489 2055 530 2086 15
556 2054 599 2085 ut
622 2052 749 2095 pocius
769 2050 951 2084 exercitus
977 2049 1016 2083 in
1041 2061 1076 2093 p.
1096 2049 1279 2093 prodeant
1298 2048 1332 2083 G
1429 2050 1471 2080 17

163 2099 228 2133 sed
258 2101 385 2133 tamen
419 2109 515 2143 pers.
547 2108 585 2132 se
617 2099 659 2132 ut
688 2097 722 2131 L
750 2098 754 2138 Ι
781 2096 884 2142 prod.
920 2096 960 2130 in
990 2096 1025 2130 b.
1058 2096 1092 2130 G
1202 2099 1244 2129 18
1279 2105 1404 2129 uerere
1439 2093 1473 2126 L

164 2150 206 2180 19
233 2146 350 2180 alium
369 2156 436 2179 om.
458 2144 491 2179 G
514 2146 517 2188 Ι
540 2147 619 2179 tam
639 2155 704 2179 om.
725 2144 759 2178 L
854 2147 899 2177 20
925 2144 963 2176 et
981 2153 1047 2176 om.
1072 2142 1106 2177 G
1204 2145 1247 2175 22
1275 2140 1471 2175 Diomedes

163 2194 200 2226 et
219 2192 347 2236 ulyxes
367 2192 536 2226 menelao
556 2191 769 2226 resistentes
783 2189 922 2225 bellum
943 2189 1022 2234 geri
1041 2188 1290 2233 prohibebant
1310 2188 1344 2222 G
1429 2192 1473 2222 24

163 2250 230 2273 nec
256 2239 375 2273 vereri
400 2249 466 2273 om.
493 2238 527 2272 L
548 2240 552 2282 Ι
576 2236 885 2282 quod—fuerint
906 2236 1119 2270 Meo-cerins.
1159 2235 1258 2279 quod
1284 2234 1474 2280 superiora

163 2286 301 2320 troiani
326 2285 468 2320 faciunt
493 2285 526 2318 L
576 2284 775 2320 dummodo
802 2284 895 2318 fiant
920 2285 966 2317 tr.
993 2282 1199 2327 superiores
1226 2281 1270 2317 G.
