1607 2536
107 59 238 123 ἔχη,
624 71 959 106 PRAEFATIO.

0 166 9 180 ⁸
30 164 42 195 ³
141 171 331 213 extitisse
366 168 602 222 crederent,
643 170 792 210 contra
824 167 1065 221 Artopoeus
1097 167 1140 207 in
1178 165 1454 207 Praefatione

140 229 338 271 editionis
385 241 485 269 suae
528 226 806 281 Argentorati
853 226 962 267 1691
1014 225 1238 266 historiam
1282 224 1453 266 Daretis

89 299 92 334 :¹
139 287 385 343 periocham
417 286 617 327 carminis
644 284 817 339 Iosephi
846 284 987 325 Iscani
1019 298 1111 325 esse
1143 285 1303 324 censet:
1337 284 1452 338 quod

142 346 369 402 quominus
401 344 725 398 comprobemus
757 343 1062 397 impedimento
1097 344 1197 384 sunt
1214 342 1349 396 ipsius
1369 341 1454 383 Da-

0 397 18 423 ³‘
79 393 85 442 ‚²
138 406 241 447 retis
284 404 384 446 libri
426 403 598 458 plurimi
643 417 749 444 saec.
793 401 833 442 X
877 402 1034 455 scripti.
1113 399 1261 455 Neque
1310 402 1457 441 tamen

0 2456 58 2475 X».

60 2476 264 2525 ,χὴν

142 463 378 516 defuerunt,
398 463 471 517 qui
491 462 613 503 aliter
632 463 865 503 censerent.
902 459 989 501 Ioa.
1015 459 1253 501 Ludovicus
1282 458 1413 500 Vives
1424 458 1456 515 1)

139 524 201 564 ita
252 522 427 563 iudicat:
489 520 654 575 „Dares
697 519 911 574 Phrygius
957 521 999 559 et
1041 518 1190 572 Dictys
1243 517 1457 559 Cretensis

140 582 347 636 figmenta
389 582 490 621 sunt
531 594 677 621 eorum
718 579 791 634 qui
832 578 881 619 de
921 578 1033 619 bello
1065 577 1354 618 famosissimo
1385 591 1457 618 vo-

143 641 314 681 luerunt
353 638 522 679 ludere“
553 639 673 692 eique
706 637 869 679 assensi
901 639 1001 677 sunt
1032 634 1127 676 Ger.
1158 635 1244 677 Ioa.
1276 633 1457 676 Vossius

141 699 308 753 aliique.
337 696 590 751 Nuperrime
604 696 877 738 Hermannus
890 693 1103 749 Dungeff)
1114 694 1179 735 vir
1193 694 1459 748 amplissima

142 757 378 799 eruditione
399 759 441 797 et
461 756 664 797 acerrimo
685 755 848 810 ingenii
868 755 1061 796 acumine
1082 753 1300 807 praeditus
1320 767 1457 807 neque

145 830 298 871 graeco
330 829 468 870 neque
499 815 634 856 latino
674 828 868 855 sermone
907 813 1111 866 scriptum
1142 811 1313 852 Daretis
1346 811 1461 852 aliud

144 889 348 930 umquam
364 876 490 929 atque
503 888 581 915 nos
598 873 840 914 etiamnunc
854 872 1060 913 habemus
1081 870 1272 911 extitisse
1293 870 1461 924 egregie

144 934 331 976 ostendit
368 935 587 987 totamque
624 932 735 973 hanc
774 931 1067 986 quaestionem
1104 932 1193 970 tam
1225 929 1460 969 luculenter

144 993 362 1046 tractavit,
400 994 448 1032 ut
485 1006 582 1032 eum
619 993 660 1031 et
696 991 742 1031 111
778 991 830 1031 iis
870 1003 977 1044 quae
1009 988 1121 1029 infra
1153 990 1388 1042 sequuntur
1421 988 1463 1027 et

146 1052 192 1093 in
222 1051 274 1092 iis
307 1065 413 1106 quae
445 1048 577 1105 ipseff)
616 1050 703 1091 iam
741 1049 900 1103 publici
930 1048 1035 1089 iuris
1066 1047 1148 1088 feci
1179 1046 1266 1087 fere
1299 1059 1464 1099 semper

146 1124 354 1165 sequerer.
415 1109 582 1150 Eodem
611 1111 802 1162 tempore
833 1108 879 1148 in
899 1105 1198 1160 Francogallia
1229 1105 1279 1146 de
1305 1105 1385 1146 hac
1417 1118 1461 1145 re

145 1169 196 1211 A.
216 1167 358 1224 Joly4)
392 1182 559 1210 summa
591 1182 687 1209 cum
717 1166 929 1208 industria
961 1167 1003 1206 et
1034 1165 1232 1206 doctrina
1264 1163 1465 1204 disseruit

150 1230 278 1283 atque
315 1228 393 1281 ita,
425 1229 473 1268 ut
503 1228 548 1267 in
581 1226 844 1282 gravissimis
876 1225 1003 1266 rebus
1037 1223 1090 1265 ad
1122 1223 1302 1264 eundem
1336 1224 1463 1277 atque

147 1286 376 1342 Dungerus
410 1286 569 1327 exitum
600 1286 774 1326 veniret.

269 1345 352 1395 Qui
388 1345 529 1386 fontes
568 1344 730 1385 fuerint
768 1342 986 1397 scriptoris
1025 1343 1194 1395 praeter
1230 1338 1468 1381 Homerum

146 1408 190 1447 et
220 1403 379 1458 Dictyn
408 1404 642 1445 nescimus:
674 1403 787 1444 hunc
809 1402 999 1456 sequitur
1024 1414 1113 1454 cap.
1135 1399 1202 1451 Ξῖ),
1235 1413 1318 1453 quo
1339 1397 1465 1439 Pala-

147 1463 262 1506 medi
273 1463 498 1517 imperium
513 1462 769 1517 abrogatum
788 1475 879 1502 esse
893 1461 1041 1501 narrat
1054 1458 1123 1513 (cf.
1137 1457 1298 1511 Dictyn
1307 1456 1362 1510 H,
1381 1454 1467 1511 15),

148 1523 270 1565 illum
288 1523 334 1563 111
352 1521 612 1562 recensendo
634 1520 818 1561 exercitu
839 1518 1099 1560 Graecorum
1119 1519 1160 1558 et
1179 1515 1467 1557 Troianorum

151 1597 241 1637 cap.
277 1581 342 1622 14.
363 1582 405 1621 et
428 1580 493 1633 18,
524 1580 609 1620 nisi
627 1579 731 1620 haec
765 1592 931 1633 quoque
958 1591 1053 1618 eum
1074 1591 1124 1617 ex
1155 1574 1307 1628 Dictye
1341 1574 1379 1628 (I
1417 1574 1468 1614 17

152 1640 196 1682 II
215 1638 290 1695 35)
318 1640 549 1693 sumpsisse
577 1640 824 1679 statuemus.
846 1637 897 1678 In
916 1636 1163 1677 universum
1183 1634 1295 1675 inter
1314 1632 1473 1686 Dictyn

156 1702 199 1741 et
217 1698 422 1740 Daretem
452 1698 534 1739 hoc
554 1697 782 1738 discrimen
804 1695 1040 1748 intercedit,
1073 1693 1186 1749 quod
1206 1707 1302 1734 cum
1322 1691 1472 1745 Dictys

155 1773 177 1800 e
208 1757 403 1813 partibus
419 1755 681 1798 Graecorum
708 1758 853 1808 staret,
874 1755 944 1796 hio
963 1754 1025 1795 ita
1043 1751 1333 1794 narrationem
1354 1763 1475 1791 suam

153 1817 354 1870 instituit,
391 1818 439 1856 ut
470 1815 752 1857 Troianorum
791 1814 918 1855 rebus
958 1827 1087 1867 quam
1118 1810 1302 1852 maxime
1335 1809 1476 1850 favere

154 1876 358 1917 videatur.

256 1968 281 2011 ¹)
320 1967 468 2002 Ioannis
501 1966 683 2001 Ludos-ici
706 1965 813 2000 Vivis
839 1963 1033 1999 Valentini
1066 1963 1110 1997 de
1138 1960 1345 2006 disciplinis
1374 1959 1478 1994 Libri

155 2015 225 2050 XX
251 2014 425 2049 Coloniae
454 2017 543 2048 1532
570 2025 606 2058 p.
634 2017 713 2048 360.
814 2012 839 2056 2)
865 2011 933 2046 Die
961 2011 1056 2056 Sage
1091 2021 1177 2044 vom
1212 2007 1479 2043 Troianischen

155 2061 292 2106 Kriege
317 2061 357 2096 in
388 2061 459 2096 den
491 2060 792 2106 Bearbeitungen
824 2059 888 2094 des
921 2057 1160 2093 Mittelalters
1194 2055 1270 2090 und
1302 2054 1382 2089 ihre
1417 2064 1480 2088 an-

153 2109 261 2144 tiken
300 2108 456 2151 Quellen
484 2107 653 2142 Dresden
687 2112 776 2143 1869
806 2106 1024 2152 Programm
1064 2104 1128 2139 des
1167 2101 1480 2138 Vitzthumschen

110 2144 116 2177 ‘2
157 2156 430 2201 Gymnasiums.
541 2154 567 2200 3)
602 2155 723 2190 Ueber
755 2154 870 2189 Dares
907 2164 979 2187 von
1020 2150 1210 2196 Phrygien
1251 2149 1296 2183 de
1337 2147 1480 2183 excidio

158 2203 292 2238 Troiae
317 2214 352 2248 p.
379 2206 529 2237 25—-36.
625 2202 652 2247 ⁴)
679 2202 721 2236 A.
748 2201 845 2246 Joly,
872 2199 1005 2235 Benoit
1032 2199 1077 2233 de
1105 2196 1355 2232 Sainte-Morc
1382 2197 1420 2230 et
1444 2193 1481 2228 le

157 2250 304 2285 Roman
324 2249 368 2284 de
385 2249 493 2285 Troie
513 2260 560 2284 ou
579 2249 632 2284 les
647 2248 964 2293 metamorphoses
977 2246 1171 2281 d'Homere
1193 2246 1231 2279 et
1254 2243 1299 2278 de
1311 2241 1481 2287 l'epopee

154 2297 404 2344 greco-latine
431 2307 477 2331 au
503 2299 723 2342 moyen-sige
750 2296 855 2330 Paris
884 2297 1080 2330 1870—71.

234 2521 251 2536 r
1179 2496 1186 2524 1

1540 99 1602 132 VII

1550 432 1575 459 ,τ
1546 303 1583 413 „2444
1548 244 1589 284 {a-
1544 182 1594 225 ᾗ.
