1607 2536
329 91 392 124 DE
420 88 614 124 EXCIDIO
642 89 823 124 TROEAE
854 89 1092 124 HISTORiA.
1308 90 1364 129 43

53 189 257 240 exempta
294 186 484 227 moritur.
551 184 785 226 Alexandri
827 199 980 238 corpus
1023 184 1075 225 ad
1118 184 1266 226 urbem
1304 199 1364 225 re-

57 245 204 286 fertur.
251 244 478 286 Diomedes
503 243 615 285 virili
641 243 784 285 animo
810 243 855 283 in
886 243 1031 284 hostes
1057 243 1366 297 inpressionem

58 304 172 345 facit.
254 303 445 358 Phryges
495 302 597 343 fessi
645 302 692 343 in
741 302 890 343 urbem
940 301 1210 357 confugiunt,
1261 316 1366 356 quos

58 361 287 403 Diomedes
319 375 452 416 usque
483 361 527 402 in
559 361 707 402 urbem
738 360 1017 415 persequitur.
1067 361 1366 415 Agamemnon

59 420 291 462 exercitum
335 420 445 462 circa
487 419 691 474 oppidum
735 419 851 461 ducit
886 422 928 460 et
964 421 1056 461 tota
1095 422 1218 460 nocte
1257 419 1366 460 circa
1386 429 1401 452 ⁵

60 494 230 520 murum
256 479 439 532 obsedit,
471 481 607 531 curat,
640 482 688 519 ut
713 479 878 519 alterna
905 478 994 519 vice
1023 478 1192 533 vigilias
1224 485 1366 533 agant.

59 540 231 592 postera
268 537 334 578 die
371 537 566 578 Priamus
604 536 894 578 Alexandrum
932 537 978 578 in
1010 536 1165 591 oppido
1205 536 1367 590 sepelit,

59 610 187 650 quem
218 609 377 651 magno
408 596 574 637 ululatu
598 595 765 637 Helena
795 598 1020 650 prosecuta
1051 598 1132 647 est,
1165 595 1366 649 quoniam

59 655 114 695 ab
158 669 208 696 eo
250 654 480 696 honorifice
522 657 706 696 tractata
755 657 831 696 est.
912 668 1038 709 quam
1088 653 1282 694 Priamus
1326 656 1368 694 et

60 712 238 755 Hecuba
274 716 322 755 ut
357 713 489 754 filiam
533 716 789 767 aspexerunt
835 715 878 754 et
923 713 1147 768 diligenter
1197 726 1365 753 curave-

0 781 2 785 ’
59 774 178 825 runt,
217 772 329 827 quod
365 786 600 827 numquam
631 772 840 813 Troianos
873 771 1134 825 despexisset
1165 770 1367 826 Argivos-

60 844 142 885 que
173 845 262 872 non
297 830 588 872 desiderasset.

179 888 380 931 XXXVI.
441 889 619 931 Postera
644 889 709 930 die
729 888 1030 944 Agamemnon
1056 888 1195 942 coepit
1214 889 1367 929 exerci-

56 950 153 988 tum
173 951 271 989 ante
291 951 436 1002 portas
456 949 665 989 instruere
681 950 724 989 et
738 947 963 989 Dardanos
978 947 1031 988 ad
1045 948 1252 1001 proelium
1273 961 1368 1001 pro-

59 1020 221 1048 vocare.
282 1006 477 1048 Priamus
517 1007 764 1060 subsistere,
801 1007 951 1047 urbem
982 1006 1147 1047 munire
1180 1009 1222 1047 et
1253 1006 1366 1060 quie·
1407 1023 1421 1039 π

61 1079 193 1119 scere,
218 1079 352 1120 usque
378 1066 478 1106 dum
497 1065 767 1107 Penthesilea
793 1079 888 1107 cum
908 1065 1199 1107 Amazonibus
1227 1078 1368 1118 super-

61 1124 236 1165 veniret.
308 1123 578 1165 Penthesilea
626 1127 776 1178 postea
827 1124 1089 1178 supervenit,
1139 1123 1369 1164 exercitum

58 1185 210 1224 contra
246 1182 617 1237 Agamemnonem
654 1183 805 1224 educit.
872 1183 920 1224 fit
956 1183 1164 1247 proelium
1205 1182 1369 1237 ingens,

59 1255 136 1294 per
162 1241 325 1295 aliquot
349 1241 438 1283 dies
463 1244 690 1307 pugnatur.
741 1241 892 1296 Argivi
917 1242 1122 1297 fugantur
1146 1241 1191 1281 in
1219 1243 1369 1291 castr,a

61 1299 371 1353 obprimuntur.
446 1300 513 1341 cui
556 1300 625 1341 vix
671 1299 899 1342 Diomedes
945 1300 1132 1353 obsistit,
1179 1274 1369 1354 alioquiii
1390 1310 1412 1332 2<

60 1372 190 1399 naves
216 1358 475 1400 incendisset
506 1362 548 1400 et
572 1358 832 1414 Argivorum
863 1360 1108 1400 universum
1141 1358 1369 1399 exercitum

61 1416 334 1459 devastasset.
414 1418 576 1472 proelio
627 1418 836 1472 dirempto
887 1418 1187 1473 Agamemnon
1238 1430 1281 1457 se
1326 1417 1371 1456 111

60 1476 211 1517 castris
262 1476 484 1518 continuit.
562 1476 831 1518 Penthesilea
883 1491 982 1518 vero
1034 1475 1186 1518 cotidie
1230 1475 1372 1530 prodit

159 1608 175 1638 1
198 1603 373 1639 continuo
394 1603 476 1638 add.
498 1602 531 1638 G
552 1606 634 1638 ante
653 1604 811 1639 moritur
890 1608 909 1638 2
926 1603 1125 1639 alexandro
1146 1602 1266 1637 occiso
1287 1603 1370 1636 add.

61 1685 97 1721 G
116 1689 201 1730 post
228 1685 385 1721 refertur
407 1688 411 1730 Ι
434 1696 570 1731 magno
604 1697 661 1720 an.
693 1686 787 1732 inpi.
815 1686 853 1721 in
884 1686 920 1721 h.
946 1686 970 1720 f.
999 1686 1032 1721 G
1135 1689 1154 1719 3
1176 1650 1231 1718 iiid
1243 1653 1371 1719 ii'iibtgm

60 1744 282 1789 confugiunt
306 1744 340 1778 L
395 1746 617 1779 auertuntur
642 1745 736 1780 conf.
763 1745 802 1780 in
827 1745 957 1780 urbem
982 1747 1110 1791 portas
1137 1733 1313 1780 obserant
1339 1733 1372 1777 G

63 1795 84 1826 6
116 1791 282 1837 persedit
315 1792 348 1825 L
403 1791 550 1827 obsedit
581 1794 619 1826 et
651 1791 684 1826 G
714 1795 718 1835 Ι
747 1792 900 1828 alternis
935 1792 1080 1827 uicibus
1113 1791 1179 1826 dili
1210 1792 1314 1826 enter
1339 1789 1373 1824 G

63 1842 83 1873 7
103 1838 142 1873 111
162 1838 299 1883 oppido
319 1848 384 1873 om.
405 1838 440 1872 L
536 1843 556 1874 8
576 1849 712 1884 magno
735 1839 896 1884 ululatu]
918 1839 1154 1874 uulneratum
1229 1840 1232 1880 Ι
1257 1847 1373 1881 quon-

59 1885 195 1920 iam—
211 1886 267 1920 est
291 1895 357 1920 om
383 1885 419 1920 B
521 1889 541 1920 9
573 1885 658 1920 hon.
680 1886 770 1921 satis
796 1887 1026 1931 per-tractata
1052 1886 1101 1920 sit
1121 1885 1154 1920 G
1176 1887 1179 1928 1
1203 1884 1319 1918 filium
1340 1883 1373 1918 G

632 1940 664 1958 OS

62 1971 106 2001 11
134 1966 234 2011 desp
261 1966 396 2002 troiam
425 1967 459 2002 G
507 1968 642 2002 troiam
668 1967 761 2013 disp
788 1967 822 2001 L
920 1971 963 2002 14
988 1969 1135 2012 portam
1161 1966 1195 2001 G
1215 1968 1221 2009 l
1244 1965 1306 2010 ad]
1335 1965 1373 1999 in

59 2013 98 2048 G
119 2015 123 2057 Ι
146 2014 182 2048 in
210 2013 349 2048 bellum
368 2014 549 2059 proritare
578 2014 612 2048 V
694 2019 736 2049 15
764 2014 932 2050 silescere
956 2014 990 2048 L
1039 2014 1226 2058 quiescere
1252 2011 1375 2057 coepit

61 2059 98 2096 G
196 2065 237 2096 16
265 2061 402 2096 auxilio
429 2061 513 2096 add.
541 2060 575 2096 G
594 2065 678 2106 post
711 2062 961 2097 Amazonibus
1062 2065 1102 2096 17
1130 2062 1261 2106 postea
1286 2070 1373 2104 peu-

61 2107 195 2142 tesilea
214 2107 249 2143 G
296 2109 494 2152 postquam
514 2073 614 2152 1101111.
644 2108 677 2141 ῐ
772 2112 814 2144 18
835 2119 1082 2154 agamemnon
1102 2107 1136 2143 G
1232 2111 1273 2142 19
1295 2106 1373 2140 dies

60 2154 128 2188 diu
154 2154 188 2189 G
209 2157 213 2198 Ι
235 2155 415 2200 fugantur
445 2166 511 2190 om.
539 2155 573 2190 G
601 2158 605 2198 l
635 2155 734 2190 intra
759 2166 788 2190 c.
816 2138 880 2191 GU
946 2159 990 2190 20
1017 2154 1199 2190 diomedis
1226 2153 1375 2188 obstitit

63 2200 99 2236 G
120 2202 125 2244 1
147 2204 270 2236 castra
302 2203 488 2237 uastasset
522 2203 604 2237 add.
639 2202 672 2238 G
698 2206 783 2247 post
818 2202 984 2247 alioquin
1093 2206 1135 2236 21
1163 2204 1201 2236 et
1238 2211 1303 2235 om.
1341 2200 1375 2231 (r

64 2251 108 2283 22
129 2247 274 2293 direpto
294 2248 369 2284 LG
391 2250 394 2293 Ι
418 2249 472 2295 se]
500 2260 584 2284 suos
606 2248 639 2284 G
736 2254 779 2283 23
800 2251 924 2284 castra
943 2250 976 2283 L
997 2250 1002 2295 l
1025 2249 1170 2284 retinet.
1223 2247 1375 2282 Interim

62 2296 205 2340 pentes.
231 2295 335 2339 prod.
361 2297 448 2331 cott.
475 2296 557 2331 deu.
584 2307 661 2342 arg.
687 2297 726 2331 in
752 2296 795 2332 G.

1388 722 1420 746 10
