1607 2536
553 100 884 137 PRAEFATIO.
1247 119 1375 149 xnvn

59 194 201 237 Thoas
243 195 293 235 de
333 208 466 250 regno
507 210 583 237 suo
624 195 759 251 Tolie,
802 197 953 239 Melius
995 198 1045 239 de
1086 199 1256 241 civitate
1297 215 1375 242 sua

58 254 215 310 Pigris,
259 253 404 295 Ulixes
437 254 487 295 de
517 268 650 309 regno
682 255 849 310 Tracie,
892 256 1196 299 Thelamonius
1230 258 1373 300 Oileus

63 313 115 354 de
158 327 290 368 regno
335 327 410 354 suo
456 313 569 367 quod
605 313 859 356 Demenium
903 316 1122 357 dicebatur
1164 316 1374 370 (demeine

64 372 177 426 apud
207 371 485 413 Benedictum
516 387 553 413 v.
585 372 717 414 5619:
751 388 833 428 quo
867 389 1006 416 errore
1039 376 1158 430 origo
1191 375 1374 418 Franco-

65 431 220 486 gallica
251 431 516 485 apertissime
549 431 790 486 detegitur),
822 432 1035 474 Doximax
1065 433 1257 476 Firmeus
1289 434 1374 476 He-

61 490 187 531 limus
235 489 284 530 de
327 490 546 543 provincia
590 489 825 532 Oitamenie
872 491 1059 534 Theseus
1092 492 1290 535 Treorius
1323 494 1373 535 de

57 547 185 590 Reisa
215 552 281 590 etc.

177 606 385 649 Guidonis
425 621 550 662 opus,
594 608 749 662 quippe
788 609 900 663 quod
939 624 988 650 ex
1019 609 1175 652 Darete
1214 613 1256 652 et
1286 625 1375 652 non

64 667 202 708 solum
233 667 316 708 isto
347 666 481 708 latino
514 681 639 721 quem
671 666 892 709 Cornelius
929 668 1234 722 interpretatus
1273 672 1374 722 erat,

66 726 140 767 sed
159 740 209 766 ex
227 726 477 780 pretiosiore
497 728 539 767 et
557 726 792 780 copiosiore
814 730 1032 781 sumptum
1052 742 1144 769 esse
1165 728 1375 769 videretur

62 786 249 825 ceterum
285 799 372 825 non
414 785 504 825 sine
537 788 626 826 arte
657 785 841 839 quadam
874 785 1114 827 confectum
1146 789 1247 840 erat,
1279 801 1373 828 eam

60 857 189 898 quam
226 844 381 884 meruit
416 843 585 884 laudem
622 846 794 885 nactum
834 847 908 885 est.
975 844 1150 886 Etenim
1191 860 1226 886 a.
1263 846 1375 887 1324

57 902 260 955 Filippo
292 903 358 943 vel
379 902 685 954 Chmssstofbm
705 902 838 955 Ceffz'
856 903 1097 945 Florentiae
1130 906 1171 944 et
1190 904 1374 946 Matteo

57 963 108 1003 da·
138 961 236 1003 Ser.
258 961 508 1003 Giovanm·
538 961 880 1015 Bellebuom‘1)
912 962 992 1003 hoc
1023 963 1171 1017 lingua
1203 963 1376 1018 vulgata

65 1021 333 1076 interpretati
366 1023 481 1073 sunt,
525 1021 669 1074 paullo
707 1023 805 1074 post
846 1023 981 1062 artem
1021 1021 1377 1075 typographicam

60 1081 278 1123 inventam
321 1079 526 1121 Venetiae
564 1093 765 1121 excusum
813 1082 887 1120 est.
954 1079 1375 1134 Francogallicae

63 1142 185 1182 erant
217 1139 454 1193 complures
492 1138 881 1192 interpretationes,
927 1153 1107 1193 quarum
1143 1153 1230 1180 una
1262 1142 1378 1180 extat

62 1199 108 1240 in
139 1199 240 1240 bibl.
273 1198 323 1239 de
355 1197 565 1238 l'Arsenal
594 1212 635 1238 n.
662 1198 746 1238 253
769 1211 875 1238 saec.
899 1196 982 1238 XV
1010 1197 1239 1238 admodum
1270 1198 1378 1239 bene

65 1257 270 1311 confecta,
302 1257 435 1298 altera
465 1256 511 1296 in
542 1256 643 1297 bibl.
675 1255 997 1309 Petropolitana
1028 1271 1068 1298 n.
1089 1257 1115 1298 2
1143 1270 1249 1298 saec.
1276 1256 1379 1298 XVI

57 1316 188 1359 Edita
219 1318 284 1357 est
313 1315 525 1370 „Histoire
558 1315 608 1356 (16
639 1315 682 1355 16
713 1314 976 1356 destruction
1008 1316 1059 1356 de
1085 1315 1235 1356 Τ1·016“
1266 1316 1378 1357 circa

67 1390 104 1416 a.
138 1375 250 1417 1480
283 1376 325 1415 et
356 1389 380 1415 a
399 1374 561 1416 Raoztl
593 1374 633 1415 le
651 1374 822 1423 Fet-re,
854 1374 917 1426 „le
949 1374 1104 1416 recueil
1125 1374 1196 1415 des
1217 1374 1378 1428 hystoi-

62 1449 129 1476 res
161 1434 211 1474 de
243 1433 415 1487 Troye“‚
452 1432 621 1487 (tertius
661 1432 785 1486 liber)
821 1433 935 1474 1464
971 1434 1083 1474 1484
1118 1433 1229 1475 1486
1266 1434 1379 1474 1490

65 1492 168 1547 (bis)
210 1495 252 1533 et
298 1492 482 1546 saepius,
525 1492 572 1532 in
616 1492 887 1546 Anglicam
927 1491 1120 1546 linguam
1161 1506 1306 1532 versus
1355 1507 1380 1533 6

75 1552 137 1593 W.
170 1550 361 1593 Caoeton
402 1551 512 1592 circa
554 1565 588 1591 a.
635 1551 758 1591 1472.
820 1549 881 1591 Ut
918 1552 1061 1592 autem
1100 1549 1237 1591 Guido
1279 1565 1379 1591 nus-

68 1625 196 1666 quam
233 1609 420 1651 Benoitii
457 1609 718 1650 mentionem
756 1609 873 1661 fecit,
917 1609 977 1651 ita
1008 1609 1145 1650 Raoul
1178 1610 1216 1650 16
1247 1607 1280 1649 F
1284 1613 1380 1651 evre

64 1684 278 1736 nusquam
319 1667 542 1721 Guidonis,
585 1682 710 1722 saepe
752 1670 894 1708 autem
934 1666 1116 1709 Daretis.
1181 1668 1380 1709 Germa-

62 1729 176 1770 nica
213 1728 350 1769 versio
383 1727 489 1768 mihi
520 1727 708 1768 innotuit
739 1741 805 1780 ea,
847 1741 954 1781 quae
987 1728 1032 1768 in
1064 1727 1164 1768 bibl.
1198 1727 1380 1768 univers.

64 1786 384 1828 litte1.Vratisl.
416 1785 505 1831 (lat
537 1800 617 1827 rec.
650 1785 713 1826 ΙΙΙ
745 1788 824 1827 oct.
857 1786 962 1839 236)
983 1788 1234 1837 reservatur,
1267 1786 1380 1839 typis

67 1845 278 1899 exscripta
315 1860 351 1886 a.
386 1836 510 1887 1598.
544 1844 720 1899 Saepius
754 1847 897 1885 autem
930 1844 1077 1885 eadem
1110 1818 1287 1885 matciia
1319 1859 1381 1886 sc-

63 1905 248 1946 cundum
268 1903 506 1945 Guidonem
526 1904 796 1957 potissimum
828 1905 1013 1945 tractata
1044 1906 1120 1956 est,
1152 1904 1211 1944 ita
1237 1905 1383 1944 11111611

67 1966 116 2004 ut
146 1965 220 2004 aut
251 1963 386 2004 multa
417 1963 732 2015 omitterentur,
776 1962 888 2017 quod
926 1962 1087 2003 factum
1110 1937 1185 2003 yest
1215 1963 1259 2003 111
1292 1962 1382 2003 60(1.

69 2036 200 2078 germ.
238 2022 323 2064 696
361 2022 461 2063 bibl.
494 2021 659 2063 Monac.
691 2036 723 2062 c.
761 2022 873 2063 1480
912 2022 1069 2075 scripto
1102 2023 1175 2062 aut
1206 2036 1256 2062 ex
1287 2021 1382 2062 aliis

69 2081 314 2123 auctoribus
336 2080 540 2135 quidquid
572 2083 719 2134 aptum
751 2081 973 2122 videbatur
993 2080 1239 2121 adiceretur.
1290 2079 1383 2121 Hoc

70 2140 244 2182 nomine
293 2139 488 2194 inprimis
532 2139 748 2182 Ioannes
784 2140 923 2181 Mam·
969 2140 1384 2191 Nocrdle'nsseusis

68 2199 345 2297 appellandus
386 2201 467 2253 est,
508 2199 626 2240 cuius
667 2199 774 2241 liber
814 2197 925 2255 (sine
965 2198 1138 2240 nomine
1180 2198 1384 2250 auctoris)

169 2325 463 2372 ¹)J01y1.1p.
492 2331 571 2362 484.
