1607 2536
577 88 912 124 PRAEFATIO.
1290 104 1398 132 XLIX

87 191 157 230 tur
187 188 319 229 fuisse
338 183 662 241 Huchowne1)
697 185 752 237 of
776 185 850 226 the
868 185 1004 226 Awle
1021 184 1218 238 Royale.
1280 184 1404 226 Prae-

86 250 203 288 terea
248 248 390 287 autem
432 245 478 286 in
522 244 668 285 eadem
705 246 819 285 terra
858 244 990 285 altera
1022 244 1160 285 versio
1192 243 1306 284 faeta
1338 247 1404 284 est

88 320 113 346 a
143 305 327 361 quodam
347 303 553 354 Barbour,
585 303 703 344 cuius
736 302 979 358 fragmenta
1010 303 1055 343 in
1087 302 1251 343 duobus
1284 303 1404 344 libris

90 379 221 406 manu
255 363 423 417 scriptis
442 361 642 417 Lydgatii
673 361 832 402 ibidem
866 362 1092 402 reservatis
1124 362 1405 415 reperiuntur.

206 422 258 463 In
288 422 480 476 linguam
511 421 843 474 Hispanicam
857 418 891 476 2)
933 419 1142 462 Guidonis
1180 420 1406 461 historiam

86 482 215 523 vertit
246 480 543 522 celeberrimus
569 479 732 521 Pedra
759 479 916 533 Lopez
941 480 995 520 de
1020 480 1184 532 Ayala
1210 477 1404 533 (1332—

91 539 234 595 1407),
266 539 384 581 cuius
416 539 525 579 liber
555 553 656 580 msc.
682 539 728 579 in
758 538 860 580 bibl.
882 537 1027 579 Osuna
1046 537 1100 579 II.
1120 537 1176 579 Μ.
1198 538 1253 579 23
1274 552 1405 579 reser-

87 599 178 640 vari
210 598 381 652 dicitur,
419 598 565 652 paucis
599 597 900 639 additamentis
935 600 1083 639 auctus
1117 600 1181 638 est
1211 597 1319 638 liber
1350 596 1404 638 ΙΙ.

87 657 143 699 M.
164 657 220 699 25
240 659 418 698 exeunte
439 671 544 698 saec.
563 655 667 698 XIV
699 656 893 710 scriptus.
933 655 1180 698 Catalanica
1199 656 1406 710 interpre-

88 716 195 758 tatio
207 714 241 771 3)
275 730 310 757 a.
334 715 443 757 1367
479 730 504 756 a
534 714 705 756 Iachme
727 714 896 757 Conesa
927 715 1041 757 facta
1073 715 1118 756 in
1137 715 1239 757 bibl.
1260 714 1406 756 Osuna

87 775 163 816 III.
183 774 239 816 M.
261 775 287 816 2
308 776 383 815 est.
434 772 615 816 Cronica
646 774 849 828 Troyana
879 774 992 828 typis
1026 775 1238 828 exscripta
1269 774 1407 828 prima

88 833 247 888 prodiit
267 832 425 888 Burgis
460 833 585 887 1490,
618 833 803 874 secunda
834 832 1118 887 Pampelonae
1154 833 1278 885 1496,
1311 847 1407 874 cum

87 893 169 934 hac
198 892 381 934 fortasse
414 892 546 933 artius
578 892 775 934 cohaeret
806 907 855 933 ea
888 907 1015 947 quam
1048 892 1216 946 paravit
1246 891 1406 934 Peclro

89 951 259 993 NuoEez
277 950 496 1004 Delgyado
518 949 697 992 Sevillae
721 951 845 1004 1502,
881 951 992 993 1509
1015 950 1154 992 Toleti
1177 951 1302 1004 1512,
1335 950 1407 1005 qui

88 1011 134 1051 in
147 1009 411 1064 praefatione
426 1009 625 1051 editionis
642 1024 743 1051 suae
758 1009 861 1051 dicit
880 1024 924 1051 se
939 1010 1179 1051 versionem
1194 1010 1247 1051 ab
1263 1011 1406 1051 extero

88 1069 261 1111 homine
293 1068 451 1109 factam
470 1069 770 1124 recognovisse
790 1072 831 1109 et
856 1069 1001 1110 multis
1021 1069 1125 1110 locis
1147 1068 1407 1110 emendasse.

89 1127 207 1169 Haec
219 1127 516 1181 interpret-atio
527 1130 627 1182 post
637 1130 819 1169 mortem
829 1127 874 1169 P.
890 1127 942 1169 N.
953 1127 1136 1169 Delicati
1151 1125 1306 1182 (1535)
1319 1141 1408 1168 sae-

93 1186 187 1241 pius
218 1186 401 1240 repetita
420 1188 496 1227 est.
544 1185 597 1227 In
629 1201 678 1228 ea
698 1186 882 1228 editione
904 1201 1011 1242 quae
1031 1186 1228 1228 Medinae
1252 1185 1407 1238 15874)

89 1245 248 1299 prodiit
273 1245 408 1286 multa
438 1247 614 1298 mutata,
646 1246 782 1286 multa
801 1246 1025 1300 praecipue
1051 1245 1174 1287 initio
1195 1245 1335 1299 operis
1357 1259 1408 1286 ex

92 1304 253 1359 ignotis
272 1303 465 1345 fontibus
487 1304 630 1346 addita
650 1307 761 1358 sunt,
789 1305 999 1346 nonnulla
1019 1319 1114 1346 eum
1137 1303 1334 1346 Conrado
1355 1303 1407 1345 de

92 1362 357 1418 Virceburgo
378 1364 421 1404 et
433 1362 859 1418 Troiumanna—Saga
879 1364 1164 1417 consentiunt,
1184 1363 1244 1404 ita
1262 1366 1408 1404 tamen

89 1424 138 1463 ut
158 1422 226 1463 hic
259 1436 425 1476 quoque
458 1422 816 1476 quemadmodum
848 1437 977 1476 supra
1006 1437 1045 1476 p.
1065 1421 1227 1463 XXXV
1261 1424 1302 1462 et
1332 1421 1407 1462 XL

94 1480 340 1522 circuitione
361 1481 547 1535 quadam
566 1481 709 1523 nescio
731 1496 814 1536 qua
834 1496 884 1523 ea
917 1484 1089 1535 sumpta
1121 1495 1214 1522 esse
1247 1483 1407 1522 statua-

91 1553 203 1593 mus,
254 1541 348 1580 tum
396 1554 496 1581 vero
545 1540 730 1594 plurima
777 1554 828 1581 ex
879 1539 1073 1582 Guidone
1125 1539 1178 1581 ad
1229 1540 1406 1581 verbum

90 1598 301 1639 translata
339 1601 449 1639 sunt.
515 1598 680 1640 Extant
722 1602 890 1653 praeter
934 1599 1012 1641 hos
1062 1599 1264 1653 permulti
1308 1598 1407 1639 libri

92 1654 359 1711 Guidonis⁵)‚
409 1657 454 1698 in
491 1658 634 1699 Indice
676 1659 722 1699 de
765 1671 857 1700 mss.
902 1659 949 1700 cle
987 1659 1027 1700 Za
1066 1658 1156 1699 bibl.
1196 1657 1408 1699 Naceonal

91 1715 276 1770 quinque
309 1715 474 1758 codices
507 1715 576 1758 Gil
598 1715 819 1772 Columna,
850 1718 893 1758 la
923 1717 1105 1759 historia
1136 1719 1317 1771 troyana
1350 1731 1404 1758 en

92 1774 338 1828 castellano,
358 1775 469 1816 inter
487 1776 566 1817 hos
595 1775 677 1817 duo
709 1790 814 1818 saec.
839 1775 946 1817 XIII
979 1775 1039 1831 (22)
1072 1789 1406 1817 commemoran-

91 1835 179 1874 tur:
219 1847 326 1888 quae
365 1835 510 1876 tamen
547 1849 650 1876 num
688 1835 906 1876 versiones
940 1834 1147 1876 Guidonis
1186 1833 1406 1875 habendae

93 1892 180 1933 sint
210 1891 332 1933 valde
362 1892 462 1934 lieet
492 1893 698 1935 dubitare.
755 1893 855 1935 Non
889 1893 941 1935 ad
974 1892 1215 1935 Guidonem
1249 1893 1321 1934 sed
1354 1893 1407 1934 ad

92 1949 371 1992 Benedictum
401 1951 700 2007 Mau1·anum⁶)
720 1951 928 1994 referendi
951 1954 1051 1994 sunt
1076 1952 1158 1993 duo
1178 1952 1277 1993 libri
1296 1952 1408 1993 inter

193 2078 217 2122 ¹)
244 2077 329 2122 Joly
349 2077 371 2112 l.
394 2078 416 2112 1.
438 2090 472 2123 p.
495 2082 576 2114 500.
624 2080 649 2123 ²)
664 2079 732 2114 Ad.
754 2080 940 2124 Mussafia,
962 2080 1084 2115 Ueber
1104 2079 1164 2115 die
1185 2079 1407 2124 spanis-chen

92 2123 297 2160 Versionen
323 2125 388 2160 der
413 2125 580 2161 Historia
607 2126 778 2164 Troiana.
827 2128 924 2163 Aeta
956 2127 1170 2163 academiae
1197 2127 1408 2162 litterarum

91 2170 388 2224 Vindobonensis
415 2172 543 2208 classis
569 2174 806 2218 philos-hist.
858 2174 1018 2210 Vindob.
1048 2178 1136 2211 1871
1164 2175 1190 2209 t.
1217 2178 1258 2209 69
1286 2186 1322 2218 p.
1350 2178 1405 2208 49.

95 2217 122 2262 ³)
147 2218 286 2254 1b1dem
311 2231 347 2264 p.
375 2223 430 2255 51.
506 2220 533 2262 ⁴)
558 2221 734 2256 Mussafia.
759 2221 899 2257 ibidem
931 2235 966 2267 p.
997 2226 1040 2257 53
1068 2233 1170 2266 seqq.
1221 2221 1305 2266 Joly
1333 2221 1355 2254 1.
1382 2221 1405 2255 l.

93 2268 233 2347 11Βίἒὲἐὶ
259 2277 365 2349 seq&³
437 2267 464 2311 5)
490 2267 665 2303 Mussafia
696 2269 720 2303 l.
747 2269 773 2314 Ι,
806 2281 841 2313 p.
869 2273 912 2304 53
940 2269 1066 2305 adnot.
1095 2274 1126 2304 6.
1179 2268 1206 2312 ⁰)
1232 2268 1408 2303 Mussafia

94 2324 107 2346 1
259 2324 293 2357 p.
393 2324 494 2359 seqq.

165 2377 275 2404 Dnms
295 2378 469 2405 meoxus.
1051 2399 1069 2424 d
