1607 2536
223 63 278 104 28
658 60 865 96 DARETis
891 59 1091 95 PHRYGII

223 159 523 213 postulassent.
590 156 785 198 Priamus
824 156 958 197 dicere
997 156 1195 209 imperat,
1241 154 1340 210 quid
1379 154 1528 209 cuique

222 218 426 259 videatur.
471 217 667 258 omnibus
693 215 896 269 placitum
923 217 987 255 est
1011 214 1197 255 indutias
1223 214 1268 254 in
1295 213 1526 254 triennium

224 277 334 318 dare.
401 275 572 317 interim
610 273 783 316 Troiani
820 273 987 315 moenia
1022 275 1246 325 renovant,
1286 286 1383 313 suos
1416 272 1527 326 quis-

225 349 305 389 que
349 334 514 375 saucios
558 336 720 386 curant,
769 334 960 373 mortuos
1011 346 1105 373 cum
1154 330 1318 385 ingenti
1367 330 1529 371 honore

189 407 204 430 f·
226 393 446 447 sepeliunt.

174 699 205 722 10

172 990 208 1015 15

174 1284 207 1307 20

342 450 504 492 XXIII.
566 450 750 504 Tempus
788 462 956 504 pugnae
994 451 1092 502 post
1122 447 1353 489 triennium
1386 460 1528 500 super-

224 510 351 551 venit.
412 509 572 551 Hector
609 512 650 550 et
689 508 856 550 Troilus
898 507 1126 548 exercitum
1158 506 1353 547 educunt.
1413 504 1529 559 Aga-

224 573 425 610 memnon
461 567 679 609 Menelaus
717 566 904 608 Achilles
943 568 985 607 et
1021 564 1248 606 Diomedes
1280 564 1408 605 etiam
1447 563 1530 618 ipsi

225 627 454 668 exercitum
499 627 693 668 educunt.
759 625 808 666 fit
851 638 1008 679 magna
1052 624 1211 664 caedes.
1282 621 1441 663 Hector
1484 621 1530 662 in

225 686 363 740 prima
396 685 484 726 acie
515 684 772 739 Phidippum
811 686 853 724 et
884 682 1123 736 Antiphum
1162 681 1287 722 duces
1318 679 1531 733 interficit,

224 744 413 785 Achilles
450 743 692 798 Lycaonem
730 746 767 784 et
801 741 993 794 Phorcyn
1033 740 1185 782 occidit
1222 742 1264 780 et
1302 753 1351 780 ex
1392 740 1531 780 cetera
1558 761 1561 763 ·
1593 771 1607 788 ὁ,

225 803 347 856 plebe
379 803 514 843 multa
545 802 663 842 milia
700 815 750 842 ex
781 803 959 854 utraque
997 801 1117 852 parte
1150 798 1316 840 cadunt.
1379 797 1532 838 acriter

224 864 441 916 pugnatur
483 860 629 902 diebus
667 859 880 901 continuis
917 857 1050 899 XXX.
1115 856 1310 898 Priamus
1348 859 1396 897 ut
1426 855 1532 896 vidit

225 920 381 961 multos
421 919 471 960 de
510 933 586 960 suo
625 918 810 959 exercitu
848 917 1064 970 cecidisse,
1105 915 1237 956 mittit
1274 915 1439 969 legatos
1478 913 1532 954 ad

225 978 612 1033 Agamemnonem,
644 979 691 1018 ut
721 976 907 1017 indutias
939 977 1132 1029 peterent
1157 973 1375 1015 mensibus
1400 972 1464 1014 VI
1490 975 1534 1012 et

226 1051 276 1077 ex
315 1037 481 1078 consilii
520 1035 731 1077 sententia
769 1035 1069 1089 Agamemnon
1106 1032 1299 1074 concedit
1333 1031 1532 1072 indutias.

224 1099 393 1149 tempus
442 1108 611 1150 pugnae
663 1093 916 1148 supervenit.
990 1091 1141 1133 acriter
1193 1105 1268 1145 per
1311 1089 1531 1131 duodecim

226 1154 314 1195 dies
352 1156 579 1209 pugnatur.
647 1152 771 1193 multi
809 1151 934 1192 duces
971 1150 1194 1192 fortissimi
1229 1149 1329 1190 hinc
1361 1151 1403 1189 et
1433 1148 1531 1188 inde

227 1213 401 1266 cadunt,
450 1213 592 1266 plures
648 1211 942 1263 vulnerantur,
999 1208 1171 1263 plurimi
1217 1208 1264 1248 in
1314 1206 1532 1248 curatione

229 1272 478 1312 moriuntur.
539 1271 839 1325 Agamemnon
870 1268 1004 1309 mittit
1036 1267 1088 1308 ad
1119 1266 1335 1308 Priamum
1366 1266 1533 1320 legatos

226 1333 268 1370 et
309 1330 489 1385 triginta
538 1329 700 1370 dierum
749 1327 936 1369 indutias
985 1326 1191 1380 postulat,
1239 1327 1288 1366 ut
1334 1323 1531 1365 funerare

227 1391 417 1430 mortuos
451 1402 549 1429 suos
580 1387 728 1441 possit.
788 1385 982 1427 Priamus
1014 1385 1205 1427 consulte
1236 1382 1347 1424 fecit.

343 1446 499 1488 XXIV.
561 1447 621 1487 At
651 1445 725 1487 ubi
755 1448 923 1498 tempus
954 1457 1123 1498 pugnae
1154 1441 1412 1496 supervenit,
1443 1440 1533 1481 An-

226 1505 455 1547 dromacha
491 1519 597 1547 uxor
633 1504 830 1546 Hectoris
877 1503 922 1544 in
961 1502 1121 1544 somnis
1158 1501 1264 1542 vidit
1304 1499 1533 1541 Hectorem

324 1638 339 1667 1
369 1606 492 1668 cuiq'L
588 1636 607 1666 2
633 1631 823 1666 uideretur
849 1629 882 1664 G
979 1633 999 1663 3
1027 1628 1129 1674 dare]
1153 1629 1279 1672 petere
1306 1626 1340 1662 G
1362 1627 1366 1670 Ι
1388 1626 1536 1661 Interea

225 1692 273 1713 m.
299 1681 345 1714 tr.
373 1679 405 1714 G
428 1679 432 1724 Ι
456 1679 611 1723 quisque
637 1688 702 1712 om.
729 1677 763 1711 L
860 1680 881 1710 4
907 1675 1050 1710 saucios
1076 1676 1208 1709 curant
1233 1685 1299 1709 om.
1320 1672 1353 1707 G
1402 1674 1534 1707 curant
1574 1714 1581 1720 Ι

226 1737 291 1761 ont.
318 1726 369 1769 L,
403 1726 534 1760 habent
567 1726 664 1760 editt.
696 1727 780 1759 καί.
810 1725 814 1765 Ι
842 1724 1007 1757 mortuos
1038 1732 1104 1756 om.
1134 1720 1227 1763 LG,
1253 1721 1390 1755 addidi
1423 1731 1466 1754 ex
1496 1718 1534 1753 R

227 1777 247 1808 5
273 1773 448 1808 funerant
472 1772 506 1807 G
603 1776 622 1807 6
648 1781 795 1816 pugnae
822 1780 887 1805 om,
914 1768 947 1804 G
1051 1773 1069 1803 7
1092 1771 1178 1813 post
1203 1767 1365 1803 educunt
1390 1767 1473 1802 add.
1501 1766 1535 1801 G

226 1831 309 1855 cum
337 1830 429 1855 enea
453 1829 646 1854 mennone.
706 1817 844 1853 Contra
941 1819 961 1851 8
996 1815 1108 1850 etiam
1145 1814 1219 1860 ipsi
1253 1825 1307 1849 ex.
1343 1813 1416 1859 ed]
1450 1824 1533 1848 con-

227 1869 380 1901 currunt
405 1866 439 1901 G
536 1870 579 1900 10
611 1865 723 1900 duces
757 1863 945 1899 interfecit
969 1862 1031 1907 ph.
1058 1864 1096 1897 et
1121 1861 1316 1906 antippum
1342 1862 1380 1895 et
1402 1860 1534 1895 merio·
1601 1895 1607 1900 ,

227 1924 311 1948 nem
338 1913 371 1948 G
419 1913 634 1958 philippum
653 1914 691 1947 et
710 1910 945 1963 antypplium
963 1909 997 1943 L
1095 1913 1135 1943 11
1156 1908 1345 1953 lyconium
1363 1907 1398 1941 L
1445 1906 1534 1942 lica-

857 1966 866 1983 l

227 2005 336 2029 onem
356 1994 389 2029 G
412 1994 415 2040 Ι
438 1994 632 2029 euforbum
646 1993 679 2028 G
723 1992 917 2028 euforbum
930 1991 964 2025 L
983 1992 1021 2026 et
1039 1990 1247 2026 euforbium
1266 1989 1302 2024 V
1339 1988 1534 2034 phorcium

226 2041 268 2075 F
312 2041 483 2086 Phorcyn
514 2051 531 2076 e
559 2041 765 2075 coniectura
788 2039 920 2084 scripsi
948 2041 951 2081 Ι
980 2039 1104 2072 cetera
1135 2048 1179 2072 ex
1211 2036 1245 2071 G
1343 2040 1384 2071 12
1410 2047 1458 2070 m.
1484 2047 1533 2069 m.

226 2088 418 2122 hominum
451 2087 485 2122 G
513 2089 517 2131 Ι
545 2099 582 2132 p.
610 2098 640 2121 a.
669 2098 699 2121 c.
726 2086 761 2120 d.
788 2085 822 2121 G
926 2089 969 2119 14
994 2084 1114 2119 multa
1147 2083 1252 2118 milia
1282 2082 1474 2118 hominum
1500 2081 1535 2116 G

229 2139 271 2169 15
298 2136 336 2170 et
361 2145 427 2170 om.
454 2133 488 2170 G
584 2138 627 2168 16
659 2143 703 2168 ex
728 2143 793 2168 om.
819 2132 854 2166 L
881 2133 885 2176 Ι
914 2142 959 2166 ex
984 2130 1138 2165 consilio
1169 2131 1248 2173 (om.
1275 2128 1474 2172 sententia)
1501 2128 1536 2163 G

229 2186 271 2216 17
297 2192 364 2226 per
389 2181 467 2216 dies
492 2181 561 2216 XII
587 2180 620 2215 G
716 2183 761 2214 20
791 2178 951 2224 legatos]
985 2177 1156 2212 nuntium
1189 2176 1223 2211 G
1319 2179 1362 2210 22
1389 2174 1535 2220 possint

227 2228 260 2262 G
283 2229 287 2272 Ι
310 2228 515 2273 annuitque
535 2228 619 2262 add.
639 2227 737 2262 editt.
757 2229 839 2262 uett.
855 2229 940 2270 post
958 2224 1047 2259 fecit
1143 2227 1186 2258 23
1211 2222 1263 2258 Ut
1282 2222 1360 2258 dies
1385 2231 1535 2268 pugnae

228 2274 261 2309 G
358 2279 403 2310 ‘24
428 2286 473 2310 ne
498 2276 627 2309 hector
651 2274 690 2308 in
715 2285 751 2318 p.
778 2272 995 2318 procederet
1020 2270 1064 2306 G.
