1607 2536
180 30 237 70 24
616 29 825 64 DARETIS
851 29 1054 65 PHRYGII

180 126 323 180 itaque
356 139 502 167 omnes
535 125 572 165 ei
599 125 854 167 adsentiunt.
899 126 1090 167 consulte
1117 126 1485 181 Agamemnonem
1596 164 1600 178 ,

179 184 440 238 praeficiunt.
501 184 666 238 legatos
699 183 751 224 ad
776 183 957 238 Mysiam
991 184 1223 239 ceterisque
1254 185 1356 226 locis
1388 185 1486 225 mit·
1594 180 1601 230 *f

179 246 295 296 tunt,
340 246 387 283 ut
424 242 624 283 exercitui
663 245 923 284 commeatus
968 243 1281 297 subportandos
1325 247 1489 297 curent,
1596 235 1602 309 ζ

183 301 393 343 Thesidas
404 300 754 354 Demophoontem
763 304 799 342 et
805 301 1083 343 Acamantem
1093 301 1176 342 etA
1184 302 1320 342 nium:
1335 301 1485 342 deinde

143 373 160 397 5
181 360 409 401 exercitum
437 359 490 400 ad
521 359 768 401 concionem
806 366 1011 401 convocat
1048 360 1274 402 conlaudat
1304 360 1485 414 imperat
1596 339 1605 393 1

181 419 377 460 hortatur
403 421 549 459 monet
580 417 823 473 diligenter,
854 421 901 459 ut
933 419 1045 460 dicto
1079 418 1354 460 obaudientes
1387 418 1484 462 sint.
1592 393 1605 472 1

181 478 304 532 signo
337 477 436 518 dato
461 491 591 518 naves
622 477 809 531 solvunt,
839 479 931 518 tota
963 477 1109 518 classis
1131 477 1183 518 ad
1213 477 1484 518 latitudinem

180 535 341 580 accedit
372 535 424 576 ad
456 535 607 576 Troiae
639 535 776 577 litora.
836 535 1009 577 Troiani
1039 536 1206 578 fortiter
1238 535 1482 577 defendunt.

179 593 441 635 Protesilaus
466 594 511 635 in
542 597 700 635 terram
730 594 1020 636 excursionem
1051 595 1154 636 facit
1184 595 1306 649 fugat
1337 594 1485 635 caedit.
1599 629 1607 661 1

127 666 160 689 ιυ
181 653 247 694 cui
284 652 443 694 Hector
482 653 651 694 obviam
687 653 804 694 venit
841 656 882 694 et
919 667 1014 694 eum
1053 653 1282 706 interfecit,
1324 655 1485 693 ceteros
1595 667 1607 729 ξ

178 712 411 765 perturbat.
473 711 584 752 unde
615 710 775 752 Hector
805 711 1044 765 recedebat,
1075 711 1134 752 ibi
1161 711 1334 753 Troiani
1364 711 1485 765 fuga·
1601 732 1607 741 ·

178 771 346 812 bantur.
402 772 630 824 postquam
661 783 817 824 magna
849 770 996 811 caedes
1030 770 1240 825 utrimque
1271 770 1383 811 facta
1409 772 1485 822 est,
1599 750 1607 871 1

180 829 350 869 advenit
377 828 576 869 Achilles.
621 828 657 869 is
683 830 821 870 totum
846 829 1076 870 exercitum
1102 829 1147 869 in
1172 829 1318 883 fugam
1345 828 1485 881 vertit,

179 887 343 942 redegit
374 887 419 927 in
446 886 630 928 Troiam.
679 901 763 928 nox
794 887 1002 941 proelium
1034 887 1205 928 dirimit.
1255 887 1485 941 Agamem·
1602 882 1607 936 3

129 958 161 983 15
181 960 269 987 non
302 945 531 987 exercitum
567 948 706 986 totum
744 946 790 987 in
820 949 978 986 terram
1010 946 1166 1000 educit,
1202 948 1341 987 castra
1370 944 1490 986 facit„
1604 991 1607 994 Α

178 1007 350 1058 postera
388 1004 453 1045 die
491 1003 652 1045 Hector
690 1004 918 1045 exercitum
957 1019 1007 1045 ex
1043 1005 1146 1045 urbe
1179 1004 1318 1045 educit
1349 1006 1391 1045 et
1421 1003 1484 1044 in-
1604 999 1607 1003 ⁴

180 1063 316 1104 struit.
377 1063 676 1117 Agamemnon
707 1065 856 1104 contra
887 1063 1069 1104 clamore
1101 1076 1257 1118 magno
1293 1062 1486 1104 occurrit.

177 1121 387 1174 proelium
419 1135 513 1162 acre
545 1121 877 1176 iracundumque
915 1121 979 1175 fit,
1016 1121 1274 1163 fortissimus
1307 1121 1484 1175 quisque

178 1180 224 1220 in
256 1180 404 1233 primis
432 1180 555 1221 cadit.
569 1203 583 1228 Ι
600 1179 760 1221 Hector
789 1179 1032 1221 Patroclum
1058 1180 1210 1221 occidit
1235 1183 1277 1220 et
1302 1179 1490 1233 spoliare

125 1251 159 1276 20
177 1241 337 1292 parat.)
374 1238 586 1280 Meriones
625 1252 719 1279 011111
758 1253 807 1280 ex
841 1239 945 1292 acie,
983 1252 1036 1279 ne
1069 1238 1369 1293 expoliaretur,
1407 1237 1485 1278 eri-

177 1297 283 1351 puit.
331 1296 492 1338 Hector
520 1296 753 1338 Merionem
779 1297 1047 1352 persequitur
1073 1300 1115 1338 et
1146 1297 1309 1338 occidit.
1360 1309 1486 1351 quem

177 1369 274 1397 cum
314 1356 507 1397 similiter
545 1355 726 1410 spoliare
764 1357 908 1410 vellet,
946 1355 1117 1397 advenit
1149 1355 1365 1409 subpetias
1396 1353 1485 1395 Me-

177 1414 398 1468 nestheus,
424 1413 599 1455 Hectori
618 1414 755 1455 femur
776 1414 956 1467 sauciat,
976 1414 1142 1455 saucius
1163 1427 1330 1469 quoque
1349 1413 1485 1454 multa-

178 1473 297 1521 milia
329 1473 481 1514 occidit
507 1476 549 1514 et
578 1476 889 1527 perseverasset
921 1473 1106 1514 Achivos
1138 1473 1182 1513 in
1211 1473 1357 1527 fugam
1388 1471 1486 1512 mit-

275 1675 291 1704 1
327 1669 362 1704 ei
399 1681 464 1705 om.
505 1670 537 1705 G
566 1671 570 1715 Ι
600 1671 770 1705 consulta
807 1670 839 1705 G
958 1675 977 1705 2
1016 1669 1221 1714 ceterisque
1264 1669 1355 1704 10015
1399 1669 1488 1703 libri

170 1720 318 1761 praeter
347 1716 394 1760 Ο,
426 1718 489 1762 qui
519 1717 624 1752 habet
655 1719 870 1761 ceterosque
901 1717 1001 1752 locos
1097 1721 1116 1751 3
1143 1716 1344 1751 exercitum
1379 1716 1426 1750 ad
1451 1715 1486 1749 L

176 1764 261 1807 fort.
288 1765 331 1798 ut
356 1763 534 1799 exercitui
559 1764 598 1798 in
623 1765 832 1798 commeatu
857 1763 1111 1809 subportando
1137 1764 1352 1798 succurrant
1374 1764 1378 1807 Ι
1401 1763 1484 1797 sub-

176 1810 361 1855 portando
399 1811 435 1845 A
467 1813 470 1854 l
503 1812 721 1846 succurrunt
757 1812 793 1845 A
854 1812 986 1846 curant
1019 1810 1053 1844 L
1149 1814 1170 1844 4
1207 1809 1374 1845 hesidam
1409 1809 1486 1844 LG

178 1857 359 1893 Thesidas
393 1858 596 1893 Meo-cerins
618 1860 621 1902 Ι
644 1857 898 1895 demorantem
931 1859 969 1892 et
1001 1857 1125 1892 anium
1151 1857 1184 1891 L
1234 1858 1487 1892 commorante

177 1908 215 1938 et
247 1915 384 1939 annum
415 1906 603 1939 uertentes
641 1904 674 1939 G
730 1904 1050 1949 Demophoontem
1087 1904 1352 1938 Athamantem
1385 1903 1486 1937 Mea·-

177 1953 305 1993 cerz'us,
325 1952 363 1985 et
386 1952 630 1986 Acamantem
644 1951 867 1986 Dederz‘chus
951 1956 971 1986 5
991 1952 1102 1986 uocat
1116 1951 1149 1987 G
1234 1955 1254 1986 6
1274 1949 1486 1985 essentLG

178 1998 253 2033 sint
271 1997 356 2032 BF
440 2002 457 2032 7
479 1997 533 2043 in]
551 1998 597 2032 ad
613 1999 662 2032 M
682 2000 685 2040 l
708 1998 907 2033 latitudine
923 1997 956 2033 G
1046 2002 1066 2033 8
1086 1998 1220 2034 troiam
1240 1996 1316 2032 LG
1364 1996 1488 2032 troiae

179 2045 229 2079 ΙΙΙ
274 2044 423 2079 troiana
441 2045 476 2078 A
500 2047 504 2088 1
526 2044 655 2079 littora
674 2044 750 2079 LG
836 2049 879 2079 14
898 2044 1044 2090 redegit
1062 2044 1103 2079 F
1148 2044 1261 2080 rediit
1278 2043 1354 2078 LG
1440 2047 1482 2076 15

176 2093 297 2126 totum
332 2101 398 2126 om.
434 2090 467 2126 G
566 2095 607 2126 16
643 2102 760 2126 exerc.
796 2091 852 2126 ed.
894 2091 1023 2126 hector
1053 2093 1091 2126 et
1122 2092 1155 2126 G
1188 2092 1266 2135 (om.
1299 2101 1343 2124 ex
1376 2089 1482 2132 urbe)

180 2142 221 2173 18
257 2149 328 2182 que
363 2149 427 2172 om.
463 2138 497 2172 L
531 2139 535 2182 Ι
567 2137 733 2183 quisquis
767 2137 802 2171 L
905 2142 946 2172 19
983 2140 1020 2172 et
1054 2148 1119 2172 om.
1151 2138 1186 2172 L
1288 2140 1333 2172 20
1367 2135 1483 2178 Quem

176 2185 319 2219 merion
337 2184 371 2218 L
419 2185 595 2220 Mnereon
617 2184 649 2220 G
672 2187 675 2225 1
699 2184 922 2229 spoliaretur
937 2184 969 2219 G
1067 2188 1109 2219 -22
1137 2184 1308 2219 similiter
1333 2194 1398 2218 om.
1420 2183 1452 2218 G
1475 2182 1482 2228 Ι

177 2231 372 2277 suppecias
397 2233 609 2267 mnnesteus
637 2231 670 2266 G
767 2235 809 2266 23
837 2231 998 2276 quoque]
1027 2231 1124 2275 quod
1149 2231 1193 2265 L.
