1607 2536
151 58 207 98 56

151 151 331 196 figuratus
357 152 450 186 bene
479 156 537 195 14,
562 156 603 186 15

151 201 296 233 firmare
316 210 447 243 pacem
470 198 567 233 inter
587 210 623 233 se
643 198 785 234 foedus-

199 256 269 289 que
300 250 361 289 40,
385 250 426 279 19

150 292 278 326 foedus
305 292 446 327 sancire
473 296 534 335 33,
556 296 598 326 22

149 339 320 373 funerare
355 340 519 373 mortuos
556 343 617 383 27,
649 344 691 374 15

198 389 239 419 21
269 390 331 428 38,
353 390 397 420 20

150 432 282 467 Gerere
309 433 492 476 proelium
518 437 580 475 34,
605 438 645 467 16

149 479 309 523 gratiam
322 479 469 522 referre,
483 480 668 515 illecebras
684 485 785 524 12,20

148 526 244 560 Hinc
270 528 308 561 et
333 526 418 561 inde
445 531 507 569 27,
529 530 548 560 9
577 531 638 569 28,
662 532 703 562 18

148 573 302 608 honesto
328 584 480 618 corpore
509 578 568 613 16,
589 578 633 608 20

148 619 376 663 horrescere,
402 621 523 655 timere
551 625 674 664 10,11

149 667 312 711 hospitio
337 667 499 712 recipere
528 672 601 705 7.1
633 672 694 712 21,

150 714 354 758 Imperator
381 716 418 748 et
443 714 514 747 dux
544 719 603 757 13,
624 719 653 748 2.

148 760 320 795 inaurata
345 761 453 805 pellis
480 765 517 803 2,
540 765 557 794 7
582 766 620 795 11

148 807 339 852 increpare
358 808 657 842 Andiomacham
681 812 741 853 29,
764 813 783 843 6

196 853 297 888 facta
321 858 381 896 45,
405 859 447 889 15

148 900 234 935 inde
260 912 282 934 a
308 901 476 935 Troianis
506 905 564 944 13,
589 906 629 935 12

148 948 370 982 indicativus
385 949 459 983 loco
475 949 716 983 coniunctim:
736 949 782 983 ab

195 994 253 1029 his
286 995 350 1039 qui
379 1006 461 1029 cum
488 995 651 1030 exercitu
676 1006 784 1030 vene

197 1043 281 1076 rant
322 1047 360 1085 6,
395 1046 437 1076 19
487 1042 785 1086 quia—occidit

196 1093 256 1130 26,
285 1093 305 1122 5
353 1099 395 1123 60
428 1089 526 1132 quod
557 1089 784 1132 Polyxenam

195 1135 303 1170 valde
341 1136 493 1170 amabat
531 1139 592 1179 36,
619 1141 639 1170 6
690 1136 785 1170 sicut

194 1181 331 1217 Hector
350 1182 421 1217 fuit
441 1187 495 1225 36,
520 1186 561 1216 19
598 1182 697 1226 quod
718 1185 785 1217 Ar-

195 1229 274 1273 givi
293 1231 425 1274 petunt
444 1233 505 1272 37,
529 1234 570 1263 19
610 1229 709 1273 quod
728 1232 785 1264 est

196 1278 282 1310 ante
301 1278 447 1320 portam
465 1279 522 1320 40,
537 1280 581 1310 20
614 1276 759 1310 univers
763 1288 785 1310 a

197 1333 290 1367 quae
304 1323 422 1367 patris
437 1325 542 1357 erant
556 1327 612 1367 42,
625 1327 644 1357 9
673 1334 783 1367 quam

194 1372 301 1414 pater
314 1369 392 1404 61115
412 1369 484 1404 fuit
502 1374 558 1411 45,
574 1374 594 1405 6
625 1381 668 1404 ea
688 1381 783 1414 quae

194 1417 405 1451 Alexander
424 1417 631 1451 abstulerat
655 1421 717 1460 45,
741 1421 783 1452 10

196 1464 260 1507 qui
286 1474 416 1507 pacem
442 1466 639 1498 suaserunt
663 1468 718 1507 46,
741 1468 783 1498 14

195 1511 250 1544 ita
274 1510 331 1544 uti
356 1510 449 1545 solet
473 1515 536 1554 46,
557 1515 602 1545 20

147 1557 308 1591 indicere
339 1557 480 1591 bellum
512 1557 624 1592 alicui
658 1562 717 1601 13,
741 1563 782 1592 19

196 1608 256 1647 22,
278 1608 298 1638 S

148 1651 310 1685 indutias
347 1652 473 1695 petere
510 1650 697 1685 mensibus
731 1651 782 1685 VI

195 1701 255 1740 28,
279 1702 320 1731 15
363 1697 522 1742 triginta
551 1697 693 1732 dierum
726 1702 781 1740 28,

196 1748 238 1778 21
275 1745 316 1778 111
350 1744 441 1779 duos
471 1755 615 1779 menses
647 1748 708 1788 35,
738 1748 782 1778 25

148 1838 353 1880 infinitivus
360 1842 445 1881 post
459 1839 645 1882 complura
660 1849 717 1872 ver
720 1839 783 1872 ba:

195 1885 307 1919 duces
343 1885 382 1919 10
424 1896 591 1930 pugnam
634 1884 783 1930 prodire

195 1931 319 1976 coegit
338 1935 399 1974 27,
421 1936 439 1965 7
477 1931 641 1966 militum
660 1932 783 1966 multi-

194 1978 363 2012 tudinem
393 1977 447 2012 ibi
478 1989 557 2013 esse
588 1978 678 2013 fecit
703 1983 740 2022 6,
761 1983 781 2012 9

195 2025 223 2059 51
238 2025 296 2059 cui
310 2024 525 2069 displiceret
542 2025 683 2059 bellum
703 2025 783 2070 geri

196 2076 257 2114 10,
286 2076 327 2106 13
371 2072 532 2116 imperat
566 2071 688 2106 dicere
725 2076 780 2115 36,

197 2123 239 2152 14
254 2123 309 2160 37,
328 2122 369 2153 18
395 2129 480 2153 eum
493 2129 666 2153 revocare
679 2129 781 2152 man-

195 2165 260 2199 dat
309 2169 370 2209 29,
410 2169 454 2199 14
513 2165 660 2209 placere
710 2164 781 2199 sibi

192 2212 445 2246 Alexandrum
499 2212 537 2246 10
587 2211 780 2246 Graeciam

193 2259 295 2293 mitti
323 2263 383 2304 10,
406 2263 424 2293 7
470 2258 640 2293 omnibus
666 2258 779 2303 placi-

730 344 785 384 ²28,

552 58 705 94 INDEX
732 59 1052 95 LATINITATIS.

871 156 950 189 tum
974 156 1031 188 est
1056 154 1220 189 indutias
1247 155 1333 190 darc
1360 160 1415 198 28,
1436 161 1457 190 2

871 201 1041 235 omnibus
1055 201 1234 246 placitum
1249 204 1305 236 est
1325 202 1457 238 debere

870 247 949 282 fieri
988 252 1049 292 37,
1085 252 1126 283 18
1182 249 1363 293 placitum
1400 253 1456 284 est

872 295 1018 339 signum
1051 295 1149 340 exigi
1187 300 1249 339 48,
1277 300 1296 329 6
1329 296 1456 340 (placi-

870 345 950 375 tum
976 344 1032 376 est
1057 344 1100 375 ut
1130 341 1220 376 fides
1247 345 1457 378 servaretur

869 392 931 430 48,
965 393 984 422 3
1027 392 1082 432 12)
1118 390 1252 432 rogant
1297 400 1380 424 eum
1418 390 1456 424 in

871 435 1024 470 consilio
1052 446 1131 470 esse
1161 439 1222 479 23,
1245 440 1286 470 13
1325 443 1457 480 rogent

870 493 952 516 611111
973 482 1012 516 10
1030 482 1170 517 bellum
1195 482 1344 527 prodire
1364 487 1419 525 36,
1435 487 1456 518 3

869 529 1007 563 Hector
1026 529 1166 564 bellum
1182 529 1262 574 geri
1276 529 1458 564 suadebat

870 580 907 617 9,
930 580 974 610 20
1012 576 1228 610 Palamedes
1262 577 1394 611 suadet
1419 580 1456 611 et

868 623 1052 657 rationem
1101 623 1224 657 reddit
1276 623 1359 657 luce
1417 623 1456 656 111

871 669 1020 703 Troiam
1072 669 1322 704 escensionem
1378 669 1456 704 fieri

868 719 1039 760 oport-ere
1063 719 1124 755 23,
1148 719 1190 750 15
1228 716 1349 751 dicere
1376 727 1456 751 sua-

869 763 933 797 det
952 767 1012 805 35,
1030 767 1072 796 14
1108 762 1249 796 bellum
1275 763 1355 808 geri
1375 774 1457 797 sua-

869 810 982 844 debat
1001 814 1063 851 36,
1083 813 1127 843 23
1148 813 1210 844 etc.
1248 810 1365 844 videri
1385 809 1457 845 sibi

869 867 953 891 exer
956 856 1071 890 citum
1091 856 1129 890 111
1143 855 1338 891 Graeciam
1355 856 1456 891 mitti

869 907 971 946 8,1·2

822 949 989 1003 ingerere
1014 950 1115 984 mala
1140 949 1252 984 alicui
1278 924 1393 993 46,1

821 996 1007 1049 inpatiens
1037 1001 1096 1040 16,
1118 1001 1160 1030 21

821 1044 998 1088 inponere
1018 1043 1056 1077 in
1076 1054 1208 1078 navem
1229 1047 1267 1087 3,
1290 1048 1328 1077 11
1360 1048 1413 1086 13,
1435 1048 1455 1077 2

821 1090 1088 1134 inpressionem
1101 1090 1222 1124 facere
1239 1090 1278 1124 in
1293 1090 1457 1134 aliquem

869 1141 995 1172 34.12
1016 1141 1058 1171 21
1087 1141 1149 1180 37,
1170 1141 1190 1171 9
1217 1140 1278 1171 etc.

821 1173 1079 1228 inprudentes,
1104 1185 1222 1218 secani
1247 1187 1349 1227 5,12

821 1230 953 1265 inrisui
976 1230 1114 1265 habere
1140 1234 1245 1270 8,14

821 1276 1072 1330 inruptionem
1097 1277 1218 1312 facere
1245 1281 1372 1320 45,16

820 1324 1022 1367 insinuare,
1049 1325 1214 1359 indicare
1240 1328 1301 1367 22,
1325 1328 1391 1358 14’

820 1371 1028 1405 instaurare
1054 1383 1201 1405 murum
1227 1375 1288 1411 32,
1310 1375 1354 1405 20

820 1417 1016 1452 instructio
1043 1418 1224 1453 exercitus
1251 1422 1311 1461 25,
1335 1422 1376 1452 17

819 1463 998 1499 insultare
1025 1465 1138 1499 alicui
1163 1469 1224 1508 39,
1245 1469 1266 1498 4

819 1511 982 1556 insurgit
1005 1511 1188 1556 proelium
1214 1515 1276 1554 34,
1300 1515 1340 1546 13

820 1558 1037 1603 intellegere
1067 1558 1298 1601 voluntates,
1330 1569 1457 1603 609110·

866 1615 959 1639 scere
983 1606 1178 1639 sententias
1204 1609 1241 1648 5,
1264 1610 1281 1639 1

819 1651 1078 1696 intellegentia
1086 1662 1152 1686 sua
1159 1651 1320 1695 aliquem
1328 1651 1459 1686 iuvare

867 1702 928 1739 20,
950 1703 970 1733 6

820 1745 898 1779 5106
918 1745 1189 1780 intermissione
1210 1749 1264 1787 27,
1282 1748 1322 1779 12
1350 1749 1412 1789 39,
1433 1749 1456 1779 4

820 1792 1050 1826 interventus
1077 1792 1230 1826 alicuius
1256 1796 1318 1834 39,
1341 1797 1383 1826 19

819 1838 959 1873 intrare
984 1838 1023 1873 in
1048 1840 1196 1883 portum
1223 1844 1259 1883 3,
1280 1843 1322 1873 21

820 1885 996 1920 invadere
1020 1885 1149 1920 fanum
1177 1889 1235 1928 12,
1257 1890 1300 1920 23

820 1932 996 1967 iracunde
1017 1932 1158 1967 saevire
1178 1936 1234 1975 39,
1252 1937 1272 1967 3
1310 1932 1458 1967 iracun-

868 1978 956 2013 dum
980 1979 1162 2024 proelium
1187 1983 1249 2023 24,
1272 1983 1314 2014 18

820 2025 970 2060 iubatus
998 2030 1058 2069 16,
1082 2031 1124 2060 10

818 2072 945 2107 iubere
959 2072 1071 2107 alicui
1090 2077 1146 2115 45,
1162 2076 1182 2106 2
1204 2072 1382 2117 praedam
1396 2083 1451 2106 re-

865 2119 1076 2163 ponendam
1087 2123 1141 2160 50,
1152 2123 1172 2153 6
1189 2119 1357 2162 (classem
1369 2130 1454 2153 con-

864 2165 1069 2209 parandam
1077 2165 1320 2200 dect-everunt
1331 2170 1383 2209 13,
1393 2167 1456 2210 23)

817 2211 1032 2246 Lamentari
1052 2212 1213 2256 aliquem
1227 2216 1283 2256 30,
1298 2217 1339 2247 16
1360 2216 1416 2254 35,
1432 2217 1452 2246 6

817 2258 855 2293 in
869 2258 1097 2293 latinitatem
1116 2261 1365 2295 ‘transvertere
1386 2265 1416 2303 1,
1431 2263 1455 2294 8
