1607 2536
652 105 982 141 PRAEFATIO.
1202 79 1206 83 ‘
1318 121 1479 151 ΧΧΧΥΙΙ

156 203 379 257 Daretem,
424 217 550 258 quem
581 217 618 243 v.
650 203 705 244 39
739 201 914 257 (Darius
946 200 1165 256 Phrigius)
1203 203 1400 243 nominat
1438 206 1479 244 et

155 263 285 304 initio
317 261 535 303 Historiae
553 260 838 315 „Mordopffer
869 261 943 302 der
975 261 1116 315 gottin
1135 259 1274 301 Diane
1305 261 1383 302 mit
1404 262 1478 302 der

145 321 402 376 *jungkfraw
433 318 740 375 Ephigenie‘ss)
773 319 931 373 Dictyn
965 322 1133 361 secutus
1167 320 1232 360 sit.

275 378 375 421 Non
413 380 597 420 alienum
634 379 800 419 videtur
830 379 911 420 hoc
941 379 1035 420 loco
1069 379 1119 419 cle
1151 379 1258 419 miro
1292 379 1475 432 quodum

152 439 301 480 libello
345 438 566 492 bulgarica
590 438 657 478 vel
690 437 854 478 serbica
885 440 927 478 et
958 437 1092 478 latina
1129 437 1276 492 lingua
1317 438 1474 491 scripto

155 497 376 538 disserere.
439 497 480 537 T
481 496 715 550 ‘rojanska
743 497 887 548 priba
918 496 1125 550 bugarski
1157 496 1171 536 i
1211 496 1389 537 latinski
1419 511 1476 537 na

149 556 282 610 *svijet
305 555 425 596 izdao
448 556 495 596 F
495 570 529 596 φ’.
551 552 794 597 Mili-logi&
820 570 847 595 u
876 554 1069 610 Zagrebu
1093 555 1217 595 1871.
1269 554 1375 596 Cum
1389 555 1475 596 iam

158 629 287 668 supra
318 614 788 656 commemoraverimus
821 614 1027 667 plurimos
1058 613 1258 667 Europae
1290 614 1472 668 populos

156 673 342 714 maximo
364 673 512 714 ardore
532 673 705 715 Troicas
726 673 893 714 fabulas
909 673 1125 726 amplexos
1142 686 1244 726 esse,
1264 672 1473 727 inquibus

158 746 258 772 suae
272 732 463 785 ipsorum
477 732 681 773 historiae
695 731 928 786 primordia
941 731 1221 785 reperiebant,
1240 746 1328 772 non
1349 731 1474 775 mira-

154 791 297 831 bimur
328 790 441 845 quod
477 789 655 846 Bulgari
687 805 854 863 quoque
900 805 1005 845 quos
1045 790 1147 831 olim
1183 789 1472 843 Myrmidones

157 849 392 903 appellatos
425 863 517 890 esse
549 848 752 891 Malalas⁰
762 856 770 887 l
805 849 1030 890 confirmat
1061 849 1173 889 idem
1204 849 1406 890 fecerunt.

214 906 406 961 Scriptus
445 911 509 949 est
539 908 607 950 hic
645 908 753 949 liber
783 908 871 949 fere
904 922 1008 949 saec.
1041 907 1156 948 XIV.
1195 909 1321 962 atque
1354 910 1470 948 extat

157 967 204 1006 in
236 966 325 1007 cod.
357 967 459 1007 bibl.
478 966 616 1008 Vatic.
679 966 757 1008 Cui
789 967 973 1020 tempori
1006 969 1148 1007 autem
1178 966 1314 1007 latina
1345 967 1473 1007 inter-

158 1026 340 1079 pretatio
362 1025 567 1066 debeatur
585 1026 740 1067 nescio.
790 1025 857 1066 Ex
878 1039 960 1079 quo
982 1026 1099 1066 fonte
1119 1025 1298 1078 fluxeiit,
1329 1027 1473 1066 utrum

152 1098 206 1124 ex
249 1084 406 1125 slavico
445 1082 687 1130 (bohemico
721 1087 793 1125 aut
824 1085 1021 1138 polonico
1055 1086 1129 1125 aut
1159 1083 1393 1138 hungarico
1426 1087 1474 1124 ut

153 1145 300 1183 censet
325 1142 374 1183 B.
401 1134 583 1197 Kopitar
609 1143 791 1197 Hesych.
824 1144 898 1196 45,
943 1158 998 1183 an
1030 1157 1080 1183 ex
1110 1143 1245 1183 latino
1251 1118 1473 1197 ³³equidem

155 1216 243 1242 non
276 1201 604 1243 diiudicaverim.
665 1201 757 1243 Iam
791 1202 1091 1256 antiquissimo
1118 1203 1310 1255 tempore
1329 1201 1374 1242 in
1394 1201 1472 1242 lin-

155 1274 284 1315 guam
317 1273 514 1314 graecam
546 1275 691 1302 versus
725 1263 799 1301 est.

271 1318 586 1373 Argumentum
622 1319 755 1360 libelli
786 1320 866 1361 1100
903 1323 985 1360 est:
1032 1318 1180 1373 Capite
1211 1318 1242 1360 I.
1274 1321 1473 1360 narratur

154 1377 204 1418 de
224 1377 512 1431 compluribus
536 1379 713 1420 urbibus
734 1378 928 1420 conditis.
949 1378 1002 1419 H.
1024 1378 1238 1419 somnium
1257 1377 1470 1429 Hecubae,

154 1436 389 1477 Alexandri
419 1436 585 1478 Paridis
617 1438 832 1491 iuventus,
871 1440 1086 1478 certamen
1118 1437 1229 1478 inter
1259 1439 1345 1477 tres
1378 1436 1473 1477 fati-

155 1494 271 1536 dicas
313 1495 362 1535 cle
404 1496 536 1549 malo,
595 1510 714 1537 amor
752 1496 917 1537 Paridis
965 1499 1007 1537 et
1040 1495 1188 1537 Oenes.
1228 1494 1304 1536 HI.
1345 1494 1474 1536 Troia

156 1553 377 1594 aedificata
410 1568 434 1594 a
466 1553 606 1595 Tebus
640 1553 749 1607 (erat
779 1553 951 1609 fidicen)
986 1557 1026 1596 et
1058 1553 1347 1608 Neptenabus,
1379 1568 1472 1608 per-

155 1612 257 1653 fidia
276 1611 448 1666 Priami,
480 1612 611 1666 Ipiter
630 1613 920 1662 Kastrandrae
952 1613 1159 1655 excidium
1180 1613 1332 1654 Troiae
1352 1627 1472 1667 prae-

149 1671 265 1724 dicit,
296 1670 450 1712 Pa1iz
439 1686 484 1712 111
505 1670 727 1713 Graeciam
747 1673 1039 1726 proficiscitur.
1072 1671 1144 1714 IV.
1165 1671 1340 1726 Helena,
1374 1686 1469 1713 cum

151 1728 371 1771 Menelaus
415 1730 461 1771 111
504 1730 664 1772 bellum
702 1732 918 1785 profectus
962 1734 1090 1775 esset
1134 1733 1258 1785 lapta
1296 1730 1470 1772 Troiam

152 1789 281 1829 venit.
312 1787 363 1830 V.
407 1788 631 1844 Agameno
674 1793 715 1831 et
759 1791 832 1831 alii
870 1805 990 1845 reges
1028 1778 1222 1831 Menelao
1268 1790 1472 1831 auxilium

152 1846 311 1901 ferunt,
355 1850 478 1889 erant
514 1863 644 1890 naves
688 1850 817 1903 1170,
862 1849 1033 1890 Felesac
1073 1849 1272 1890 fatidicae
1313 1849 1374 1890 ira
1417 1849 1470 1890 ob

151 1920 319 1947 cervam
372 1909 589 1960 necatam,
643 1883 897 1949 sacrificium
942 1906 1166 1949 Cvetanae.
1200 1907 1271 1948 VI.
1303 1907 1471 1949 Proelia

153 1964 266 2018 apud
297 1964 482 2018 Troiam,
513 1965 736 2007 Menelaus
769 1969 812 2008 et
842 1966 980 2008 Ureks
1013 1967 1143 2022 legati
1175 1967 1225 2008 de
1258 1966 1471 2008 reddenda

151 2008 318 2064 Helena
349 2023 402 2064 ad
433 2022 653 2078 Prejamus
686 2026 925 2067 mittuntur.
988 2025 1116 2067 0111οὲ
1155 2026 1232 2067 ivit
1264 2025 1316 2067 acl
1347 2025 1470 2067 Fari&

152 2084 194 2122 et
226 2082 278 2123 ad
310 2081 518 2138 Helenam
548 2084 737 2126 rixatura
770 2099 866 2126 cum
899 2099 957 2126 ea.
991 2084 1083 2126 VII.
1104 2084 1288 2126 Urekses
1320 2085 1469 2139 imagi-

153 2154 251 2181 nem
287 2140 504 2183 Minervae
542 2143 655 2197 rapit
692 2146 734 2184 et
772 2144 916 2185 album
955 2158 1109 2198 equum
1147 2143 1301 2185 Reides
1345 2144 1470 2198 regis,

151 2198 264 2240 idem
295 2199 436 2241 Aciles
469 2202 646 2243 arcessit
678 2217 701 2244 a
733 2203 856 2244 litore
888 2203 1135 2258 Kalkadini,
1168 2203 1241 2244 ubi
1274 2217 1346 2243 rex
1379 2205 1470 2243 erat

248 2327 272 2371 ²)
296 2326 437 2364 ibidem
450 2340 485 2374 p.
502 2334 554 2365 72.
651 2330 676 2374 ²)
704 2329 1012 2376 Chronographia
1025 2330 1088 2366 lib.
1104 2330 1137 2366 V
1153 2329 1182 2364 O
1201 2334 1277 2365 122.
