1607 2536
335 155 489 190 INDEX
514 155 751 190 NOMINUM
776 154 838 188 ET
863 153 1046 189 RERUM.

35 250 100 296 My
103 250 158 285 sia
183 254 284 294 21,1
312 253 374 293 27,
396 254 415 284 5

35 297 172 332 Nastes
215 307 234 331 e
278 295 386 331 Caria
429 296 672 331 Troianorum

84 344 158 379 dux
183 347 311 387 22,17

34 390 221 436 Nauplius
246 393 354 435 pater
378 389 589 424 Palamedis
616 394 672 433 23,

34 484 304 529 Neoptolemus
350 483 572 519 describitur
618 488 670 527 16,

83 535 127 565 24
159 541 181 565 a
199 531 436 566 Penthesilea
455 531 673 565 vulneratur

82 588 238 622 eamque
286 578 484 612 obtruncat
529 581 592 621 44,
629 582 670 612 13

79 624 268 659 Priamum
311 624 488 659 interficit
530 629 593 668 49,
628 629 670 659 16

80 671 308 716 Polyxenam
375 672 422 706 ad
485 672 670 706 tumulum

79 718 196 762 patris
226 718 375 763 iugulat
401 723 528 761 51,14

31 764 167 800 Nestor
204 776 288 799 cum
324 747 482 800 Hercule
520 765 668 800 Troiam

79 813 269 857 expugnat
295 816 332 855 4,
353 816 398 847 26
434 823 499 847 rex
528 812 612 857 Pyli
641 817 670 857 7,

1292 153 1349 194 65

757 248 876 283 fectus
920 251 981 291 24,
1014 251 1055 282 19
1113 247 1159 282 ab
1202 247 1348 282 Achille

758 295 952 340 plangitur
978 298 1038 338 25,
1060 298 1080 329 8

709 341 841 377 Peleus
856 353 939 376 cum
951 341 1111 376 Hercule
1125 341 1275 376 Troiam
1289 353 1349 376 ex-

757 391 902 434 pugnat
925 393 962 432 5,
982 393 1024 422 11
1049 399 1114 423 rex
1133 388 1347 434 Magnesiae

708 482 831 517 Pelias
856 482 972 517 frater
997 482 1152 517 Aesonis
1180 486 1217 525 2,
1239 487 1256 516 1

709 529 985 574 Peloponensus
1014 533 1053 572 2,
1076 534 1093 563 1

708 576 945 611 Penthesilea
966 577 1098 621 regina
1116 577 1347 611 Amazonum

756 628 818 667 43,
850 628 892 658 16
942 624 1231 668 Neoptolemum
1268 624 1347 658 vul·

756 673 863 705 nerat
894 672 931 705 et
961 671 1007 705 ab
1034 681 1076 705 eo
1104 671 1346 705 obtruncatur

755 722 885 761 44,15

705 765 835 800 Perses
844 776 887 799 ex
894 764 1096 810 Aethiopia
1105 765 1153 799 Τ1
1155 764 1347 799 oianorum

757 811 832 846 dux
858 815 919 855 23,
941 816 960 846 3

80 862 123 893 19
162 841 385 893 describitur
412 863 466 903 16,
488 863 530 893 21
564 861 672 904 pater
708 858 846 894 Pheres
866 840 1016 893 Admeti
1041 859 1139 893 filius
1166 869 1188 892 a
1213 858 1345 904 Sarpe-

77 905 270 941 Antilochi
301 910 364 949 41,
386 911 406 941 8
452 917 534 940 cum
563 906 670 942 Ulixe

79 954 117 986 et
173 952 351 987 Diomede
404 953 566 988 mittitur
623 954 669 988 ad

77 999 262 1034 Achillem
306 1001 348 1034 ut
388 1011 471 1035 eum
521 1001 671 1045 placent

80 1050 142 1089 36,
163 1050 183 1081 2

30 1092 166 1127 Nireus
198 1104 243 1127 ex
269 1093 378 1138 Syme
404 1092 486 1133 [dux
513 1093 668 1129 Graeco-

76 1151 159 1174 rum
181 1144 241 1184 18,
262 1144 282 1174 3
321 1140 367 1175 ab
388 1141 514 1176 Aenea
537 1141 669 1176 occidi-

77 1188 138 1221 tur
164 1191 226 1229 26,
248 1190 293 1221 20

31 1232 146 1268 Odius
167 1244 210 1268 ex
230 1233 403 1269 Alizonia
423 1235 667 1269 Troianorum

80 1280 154 1314 dux
179 1284 241 1324 23,
262 1285 281 1315 5

31 1327 220 1362 oraculum
245 1328 432 1373 Apollinis
461 1333 520 1373 19,
543 1333 585 1363 13

31 1373 283 1410 Orchomenus
312 1379 371 1418 17,
395 1380 436 1410 15

31 1419 246 1455 Ormenium
275 1425 334 1464 18,
357 1426 401 1456 14

28 1466 191 1502 Paeonia
216 1473 254 1512 6,
277 1473 318 1504 12
346 1473 385 1513 9,
406 1473 450 1504 25
482 1474 540 1513 11,
562 1473 582 1505 8
610 1473 665 1514 22,

27 1560 246 1597 Palamedes
292 1562 514 1598 describitur
554 1567 614 1607 17,
648 1569 663 1598 1

74 1608 215 1653 Naupli
252 1608 351 1644 filius
384 1613 445 1654 23,
473 1615 516 1645 10
575 1610 666 1646 sedi-

73 1654 194 1690 tiones
256 1658 404 1700 movet,
468 1657 665 1702 imperium

74 1701 297 1737 Graecorum
343 1703 481 1748 accipit
526 1708 664 1748 31,13

73 1749 121 1783 ab
169 1749 381 1785 Alexandro
437 1751 664 1795 vulneratur,

71 1795 309 1839 Deiphobum
341 1799 379 1832 et
413 1797 664 1843 Sarpedonem

73 1844 181 1877 necat
214 1846 338 1886 34,11
391 1845 573 1880 occiditur
604 1850 660 1887 34,

74 1891 118 1924 20
150 1871 347 1935 magnifice
367 1891 544 1935 sepelitur
564 1896 620 1933 35,
641 1897 661 1927 5

23 1934 215 1971 Pandarus
247 1947 266 1971 e
297 1937 400 1972 Zelia
430 1938 503 1973 dux
536 1921 662 1974 Troia-

71 1993 202 2018 norum
229 1987 356 2028 22,15

22 2028 190 2065 Panthus
221 2030 320 2066 filius
344 2030 537 2076 Euphorbi
562 2033 661 2078 prin-

71 2086 156 2121 ceps
173 2077 416 2113 Troianorum
432 2082 464 2122 8,
477 2083 496 2113 5
522 2079 660 2115 dissua—

69 2123 134 2158 det
147 2123 286 2158 bellum
295 2135 378 2160 cum
388 2124 537 2161 Graecis
551 2131 659 2170 10,14

21 2168 283 2216 Paphlagonia
308 2176 369 2215 23,
391 2176 410 2206 2

21 2215 215 2253 Patroclus
252 2222 312 2262 13,
342 2223 386 2254 20
438 2219 660 2255 describitur

71 2267 207 2307 16,12
264 2275 309 2300 ex
345 2265 484 2301 Phthia
523 2271 582 2311 18,
616 2272 657 2302 12

67 2291 253 2346 Achillem
272 2311 438 2357 Delphos
458 2315 659 2349 comitatur

70 2360 210 2400 19,15
260 2358 307 2393 ab
351 2359 509 2395 Hectore
546 2360 657 2395 inter-

91 2422 200 2450 Dnmrs
219 2423 392 2450 Pnnrcms.

756 906 850 941 done
877 905 1058 940 occiditur
1084 910 1185 950 32,1

707 952 850 988 Pherae
878 957 938 997 18,
961 957 981 988 8

706 999 915 1045 Phidippus
942 1011 961 1035 e
988 999 1157 1045 Calydna
1188 999 1345 1035 Graeco-

754 1059 835 1081 rum
867 1047 940 1081 dux
969 1051 1027 1090 18,
1049 1052 1068 1082 5
1110 1047 1156 1082 ab
1189 1047 1346 1082 Hectore

754 1094 976 1129 interficitur
1003 1098 1065 1138 28,
1088 1099 1130 1129 10

707 1140 933 1176 Philoctetes
966 1152 1009 1175 ex
1040 1140 1202 1176 Melibea
1236 1146 1295 1185 19,
1323 1145 1343 1175 2

754 1199 838 1222 cum
863 1188 1090 1233 Argonautis
1119 1188 1166 1223 ad
1193 1188 1345 1223 Troiam

752 1235 876 1269 fuerat
902 1239 963 1278 20,
987 1239 1028 1269 17

702 1281 836 1317 Phocis
864 1285 923 1325 17,
946 1286 987 1316 17

703 1329 866 1374 Phorcys
909 1341 928 1364 e
965 1328 1130 1375 Phrygia
1167 1329 1344 1366 Troiano-

751 1388 833 1410 rum
865 1376 937 1411 dux
971 1380 1032 1420 23,
1056 1382 1072 1411 1
1119 1377 1166 1412 ab
1197 1377 1343 1413 Achille

753 1423 934 1458 occiditur
960 1427 1022 1467 28,
1045 1428 1085 1458 11

703 1469 870 1515 Phryges
899 1475 934 1512 7,
957 1475 1000 1504 22
1027 1474 1089 1513 20,
1110 1475 1129 1505 2
1177 1471 1343 1517 Phrygia

751 1521 861 1560 3,18
902 1522 1033 1560 19,17
1070 1522 1199 1561 22,16
1238 1522 1299 1563 23,
1322 1524 1339 1554 1

704 1575 919 1655 ΡΙΞῘΕΞἻΪ
929 1569 1061 1654 effici,
1086 1616 1127 1646 12

703 1657 869 1703 Phylaca
896 1663 955 1701 18,
977 1662 996 1693 9

702 1705 811 1740 Pirus
845 1717 864 1740 e
899 1705 1060 1740 Thracia
1096 1705 1340 1741 Troianorum

751 1752 824 1786 dux
851 1756 913 1796 22,
937 1757 978 1787 19

701 1798 912 1834 Podalirius
940 1799 1140 1844 Aesculapi
1172 1799 1269 1834 filius
1295 1811 1339 1836 ex

748 1846 877 1881 Tricca
891 1851 942 1890 18,
954 1851 996 1881 10
1017 1846 1237 1881 describitur
1254 1851 1338 1891 17,3

699 1892 881 1928 Podarces
908 1904 952 1928 ex
977 1893 1143 1937 Phylaca
1171 1897 1230 1936 18,
1252 1898 1271 1928 9

698 1939 831 1974 Pollux
850 1951 913 1975 rex
933 1940 1095 1975 Achaiae
1118 1945 1153 1983 7,
1174 1945 1215 1975 15
1255 1952 1339 1976 cum

746 1986 904 2022 Hercule
956 1987 1105 2022 Troiam
1147 1990 1340 2034 expugnat

748 2038 855 2077 5,11
908 2035 1062 2069 evanuit
1101 2039 1161 2078 14,
1188 2040 1208 2069 4
1275 2035 1336 2070 de-

749 2081 922 2116 scribitur
951 2086 1009 2125 14,
1034 2086 1074 2116 13

698 2127 922 2172 Polydamas
951 2133 1010 2172 11,
1034 2133 1073 2162 11
1114 2140 1197 2164 011111
1224 2130 1337 2164 Ante-

744 2186 832 2210 nore
863 2186 993 2220 pacem
1034 2176 1165 2211 suadet
1202 2180 1263 2219 45,
1290 2180 1337 2212 20

745 2222 916 2257 coniurat
927 2233 1010 2257 cum
1018 2222 1102 2257 aliis
1114 2223 1160 2257 ad
1171 2223 1335 2267 patriam

744 2269 974 2314 prodendam
1010 2274 1071 2313 47,
1105 2274 1126 2304 4
1181 2270 1226 2305 de
1264 2270 1335 2305 hac

743 2316 826 2360 ipsa
862 2327 901 2351 re
938 2316 985 2350 ad
1017 2317 1334 2361 Agamemnonem

743 2362 907 2397 mittitur
933 2367 994 2406 47,
1020 2367 1059 2397 17

1099 2427 1118 2456 5
