1607 2536
112 130 288 160 xxxvm
374 102 376 106 ’
607 117 939 153 PRAEFATIO.

112 210 261 253 Koeta.
299 211 416 254 VIII.
437 212 659 267 Agameno
680 213 862 267 sumpsit
880 213 1111 255 Rizeudam
1130 215 1264 257 filiam
1289 231 1434 259 sacer-

114 270 224 311 dotis
268 270 474 324 Rizeuffi,
515 285 697 326 magnus
742 272 934 326 morbus,
978 273 1041 314 ira
1083 273 1245 327 Aciles,
1288 275 1420 317 Aiaks

114 342 308 383 egressus
353 331 418 370 est
454 332 603 370 contra
641 329 884 384 Nestorem,
933 331 1175 372 Alexander
1217 332 1338 374 Farii
1383 337 1424 375 et

112 386 330 428 Menelaus
359 390 536 441 certant,
567 388 741 429 Venusa
772 389 944 430 domina
976 390 1131 431 auxilio
1164 392 1290 432 venit.
1350 391 1422 434 IX.

112 444 367 487 Potrokolus
418 446 641 499 occiditur,
691 446 835 488 Tetisa
876 448 964 489 filio
1008 463 1120 490 nova
1169 464 1288 490 arma
1330 449 1434 504 fert,>

115 505 327 545 somnium
357 504 588 559 Evtropiae
621 504 780 560 (paullo
811 506 927 557 infra
965 506 1234 561 Androphia)
1279 509 1421 550 uxoris

111 562 305 617 Ektoris‚
348 563 486 604 Ektor
527 564 780 605 interficitur
824 565 876 605 ab
920 565 1078 618 Aones,
1122 565 1342 620 Prejamus
1373 567 1419 607 in

111 622 343 662 tentorium
374 622 515 663 Aciles
547 623 680 676 venit,
724 622 864 663 Aciles
896 623 941 663 in
984 624 1144 677 templo
1183 624 1334 666 Troiae
1367 626 1420 666 ab

111 679 273 720 Elenus
304 695 529 734 percussus
560 681 606 721 in
626 681 749 722 calce.
809 680 859 722 X.
879 681 1053 722 UreksiS·
1085 684 1128 722 et
1152 682 1293 723 Iaiaks
1324 697 1423 724 con·

111 738 294 779 tendunt
325 739 374 779 de
407 739 549 793 armis,
580 739 755 780 Ureksis
789 754 838 780 ea
869 740 1033 794 accipit,
1065 740 1197 781 Aiaks
1219 755 1262 782 se
1281 744 1420 782 trans-

111 797 218 851 figit.
290 796 363 842 XI.
407 797 579 851 Jakupa
621 798 756 838 filium
798 797 1048 839 Polidvorus
1093 799 1145 839 ad
1185 798 1423 841 Polinester

110 869 254 910 regem
285 856 437 896 mittit:
470 870 601 910 equus
627 855 848 910 Troianus,
881 857 1087 898 excidium
1119 857 1248 910 urbis,
1279 857 1419 899 Mene-

111 914 204 954 laus
245 913 455 955 Helenam
496 917 538 955 et
576 914 866 955 Alexandrum
911 915 1046 956 securi
1088 916 1251 969 percuti
1285 916 1422 970 iussit,

111 971 339 1013 Poliksena
369 972 552 1026 Jakupa.
583 972 676 1014 XII.
716 972 954 1014 Polinester
993 973 1243 1015 Polidvorus
1289 975 1422 1016 occidi

110 1030 236 1071 iussit
267 1033 308 1072 et
338 1031 428 1085 ipse
461 1032 675 1074 occiditur.
708 1034 750 1072 et
780 1032 954 1072 revertit
984 1046 1056 1072 rex
1087 1031 1304 1074 Menelaus
1325 1048 1421 1074 cum

112 1089 310 1130 omnibus
331 1090 493 1144 graecis
513 1105 609 1131 cum
628 1104 786 1144 magno
805 1090 978 1144 honore,
1003 1093 1231 1144 postquam
1252 1091 1421 1134 Troiam

110 1162 185 1201 per
224 1148 366 1189 decem
405 1163 540 1190 annos
579 1151 620 1189 et
657 1151 819 1202 septem
850 1163 1017 1189 menses
1051 1149 1318 1191 obsederunt.
1381 1153 1423 1191 et

110 1206 172 1246 ita
212 1206 374 1247 interiit
416 1220 594 1261 regnum
637 1208 819 1248 troicum
864 1210 961 1248 ante
1006 1206 1224 1248 Christum
1272 1211 1422 1250 natum

113 1279 225 1305 anno
257 1266 556 1306 trecentesimo
589 1266 864 1320 sexagesimo⁷
895 1265 1126 1307 indictione
1159 1267 1349 1320 septima.
1381 1270 1424 1308 et

110 1324 172 1364 ita
203 1323 304 1364 deus
337 1324 541 1377 superbos
565 1324 773 1377 humiliat,
806 1327 848 1364 et
880 1338 1025 1365 semen
1055 1325 1282 1378 impiorum
1302 1325 1423 1379 delet,

111 1382 174 1422 uti
214 1382 422 1436 propheta
461 1382 682 1436 praedixit,
723 1383 884 1423 dicens:
934 1382 1021 1423 vidi
1061 1383 1239 1437 impium
1280 1386 1422 1437 super-

110 1440 299 1481 bientem
331 1443 374 1481 et
406 1455 496 1482 sese
529 1442 801 1482 extollentem
832 1444 898 1482 etc.
931 1445 997 1482 etc.
1060 1456 1195 1482 amen.

229 1499 293 1540 De
331 1514 414 1554 quo
451 1500 594 1540 libello
632 1500 784 1541 misere
823 1500 1061 1553 conscripto
1100 1500 1199 1554 quid
1232 1500 1288 1540 sit
1317 1500 1423 1540 iudi-

112 1558 293 1598 candum
333 1573 421 1599 non
461 1558 689 1599 admodum
731 1558 854 1599 facile
899 1560 962 1599 est
999 1558 1052 1606 ad
1089 1558 1424 1612 discernendum,

110 1617 296 1670 primum
336 1619 481 1657 tamen
518 1617 598 1658 hoc
635 1617 741 1659 mihi
776 1617 970 1670 persuasi
1006 1617 1262 1658 monachum
1295 1631 1423 1671 quen—

112 1675 209 1715 dam
241 1676 330 1716 eius
363 1678 578 1716 auctorem
607 1675 750 1728 fuisse,
781 1690 868 1716 non
889 1676 1025 1716 solum
1058 1676 1111 1716 ob
1137 1676 1266 1716 finem
1297 1689 1426 1729 quem

111 1734 238 1775 modo
279 1734 466 1787 laudavi,
511 1733 584 1774 sed
628 1734 828 1788 quoniam
872 1748 979 1787 quae
1023 1733 1280 1775 christianae
1322 1733 1421 1774 fidei

110 1794 353 1847 repugnant
384 1807 511 1846 quam
543 1793 725 1833 maxime
757 1794 1006 1845 commutat,
1049 1794 1097 1833 ut
1135 1793 1186 1845 (c.
1223 1791 1284 1847 Π)
1322 1792 1422 1832 deas

109 1849 232 1892 Pales
252 1850 281 1892 J
283 1865 396 1892 unaa
415 1850 589 1892 Venusa
609 1851 776 1905 saepius
795 1851 1013 1905 „dominas
1033 1850 1264 1903 fatidicas“‚
1284 1850 1424 1891 Tebus

112 1911 155 1950 et
185 1908 460 1963 Neptenabus
492 1909 574 1963 III,
613 1910 638 1950 3
671 1910 887 1962 „diabolos
918 1908 1181 1962 terrestres“,
1218 1909 1320 1949 item
1350 1907 1429 1962 IX,

115 1969 168 2009 16
205 1983 383 2021 „parvos
422 1968 613 2009 diabolos
652 1967 860 2009 Vulcani“
904 1969 1099 2022 appellat.
1165 1967 1424 2009 Monachum

113 2026 241 2067 etiam
274 2027 447 2080 sapiunt
478 2027 607 2068 verba
639 2027 791 2081 quibus
824 2027 1076 2068 describitur
1106 2025 1312 2067 Priamu!
1332 2028 1423 2066 ten-

110 2085 268 2126 torium
299 2085 478 2126 Achillis
509 2088 608 2138 post
638 2086 911 2126 interfectum
941 2085 1076 2126 filium
1103 2085 1330 2126 Hectorem
1361 2084 1424 2125 in-

112 2157 284 2198 gressus
317 2142 397 2199 (IX
416 2142 508 2198 50):
539 2146 607 2197 „et
639 2144 777 2197 coepit
796 2158 994 2198 quaerere
1013 2144 1245 2185 tentorium
1263 2142 1424 2183 Aciles:

112 2216 238 2256 quem
269 2202 394 2243 hodie
427 2202 528 2243 deus
549 2202 786 2256 honoravit,
817 2205 866 2243 ut
896 2202 1002 2243 mihi
1032 2204 1182 2255 potum
1215 2203 1256 2241 et
1281 2201 1422 2241 cibum

111 2261 333 2314 praeberet
350 2261 564 2314 peccatori
596 2263 638 2301 et
655 2260 904 2316 peregrino“
936 2262 978 2301 et
1009 2274 1058 2301 ea
1079 2260 1232 2315 quibus
1252 2258 1281 2300 J
1284 2259 1427 2313 akupa

110 2319 261 2374 regina
291 2319 441 2360 fientes
473 2319 660 2374 virgines
692 2320 938 2361 consolatur
975 2318 1065 2373 (XI,
1103 2317 1195 2374 55):
1247 2320 1425 2372 „tacete7
