1607 2536
579 103 913 140 PRAEFATIO.
1290 121 1401 150 XXXI

3 216 21 222 ⁷*
87 198 246 240 fuerint
288 199 484 240 mulieres
533 199 796 241 omittantur.
872 199 939 240 Ex
979 200 1059 242 1100
1100 200 1402 244 historicorum

86 271 264 299 numero
297 260 363 299 est
395 258 523 299 etiam
554 257 784 300 Ioannes
815 258 1044 309 Illansel,
1082 259 1316 303 Ioannes
1347 263 1402 303 (Ze

87 315 286 370 Courcy
326 319 368 358 et
409 320 555 358 auctor
594 317 693 358 libri
736 316 941 371 „Recueil
983 318 1055 359 cles
1087 318 1300 361 Histoires
1333 335 1398 362 ro-

87 374 286 430 maines“‚
326 376 393 417 cui
429 378 574 417 tamen
606 375 744 417 Guido
783 376 833 417 (le
865 375 1073 418 Columna
1108 392 1197 419 non
1227 379 1400 433 ignotus

86 437 193 476 erat:
225 434 270 475 hi
302 438 344 475 et
375 435 446 476 alii
467 436 705 489 complures
724 435 771 476 in
790 435 940 489 primis
961 435 1240 478 Beneclictum
1268 439 1401 479 secuti

84 507 296 548 nusquam
342 494 408 535 sui
450 494 584 535 fontis
628 494 891 535 mentionem
941 494 1150 549 fecerunt,
1208 497 1261 537 ob
1307 511 1400 538 eam

85 566 269 605 causam,
301 552 414 606 quod
444 553 526 594 hoc
547 567 705 594 nomen
724 553 811 594 iam
832 553 1044 595 oblivione
1078 555 1277 596 obrutum
1310 559 1401 596 erat

83 624 219 666 neque
250 611 296 652 in
326 611 378 652 iis
411 612 564 666 quibus
596 612 828 653 utebantur
858 613 978 654 libris
1010 613 1311 667 reperiebatur.

201 669 366 711 Eadem
401 670 506 712 haec
537 671 715 712 materia
757 685 862 713 saec.
894 670 975 712 XV
1015 672 1139 713 solito
1178 672 1263 713 illis
1296 675 1398 714 tem-

83 728 258 782 poribus
272 743 389 771 more
399 729 444 770 in
455 730 514 771 M
513 731 666 783 ystcrz'
676 731 689 771 ι’
695 744 714 772 3
727 732 912 771 tractata
926 733 1006 772 est:
1038 745 1139 772 nam
1153 731 1191 771 le
1212 731 1398 785 Mystere

83 787 133 828 de
170 787 213 829 la
243 786 518 830 Destruction
555 789 605 830 de
638 789 762 831 Troie
800 790 841 830 la
879 788 1016 830 Grant
1052 804 1177 844 quem
1216 805 1251 831 a.
1287 791 1400 832 1450

83 847 255 901 scripsit
302 847 515 890 Jacobus
562 846 777 897 Milleffl)
828 849 1060 889 maximam
1109 851 1275 902 partem
1324 849 1397 890 illo

81 905 245 960 nititur,
283 906 463 962 denique
496 921 602 948 saec.
634 906 738 948 XVI
774 908 820 948 in
864 907 1116 962 tragoediis,
1160 910 1208 948 ut
1238 908 1284 948 111
1314 910 1398 949 tra-

82 965 235 1020 goedia
300 965 461 1008 Hector
519 967 757 1020 composita
816 967 869 1007 ab
929 966 1045 1007 Ant.
1107 967 1162 1007 dc
1224 966 1284 1008 M
1287 970 1399 1008 ont-

0 1054 7 1078 5
82 1023 357 1066 chrestien.

198 1082 348 1138 Neque
381 1084 518 1125 solum
549 1098 624 1138 per
654 1083 996 1139 Francogalliam
1036 1084 1107 1125 sed
1145 1098 1220 1137 per
1253 1098 1400 1125 omnes

81 1140 168 1183 fere
210 1141 409 1197 Europae
451 1145 587 1185 terras
625 1143 741 1184 fama
780 1142 1000 1184 Benedicti
1041 1143 1267 1197 divulgata
1317 1146 1397 1184 est:

81 1201 237 1256 ubique
269 1204 497 1243 sectatores
530 1204 572 1243 et
601 1202 837 1243 imitatores
869 1203 1048 1255 invenit,
1091 1202 1137 1242 in
1174 1202 1323 1255 primis
1355 1202 1400 1242 in

82 1258 312 1302 Germania
350 1263 393 1302 et
422 1260 565 1314 Italia,
610 1261 660 1301 de
693 1261 845 1316 quibus
877 1262 1004 1315 paulo
1037 1261 1252 1315 copiosius
1285 1260 1398 1301 infra

82 1332 268 1374 agemus.
350 1318 402 1361 In
460 1320 739 1362 Hollcmdicz
796 1334 903 1362 saec.
953 1319 1057 1360 XIII
1112 1318 1264 1361 Jacob
1307 1333 1400 1361 van

80 1377 384 1434 Maerzanffi)
405 1394 501 1420 eum
521 1379 825 1433 interpretatus
846 1382 926 1420 est:
958 1379 1039 1421 huc
1066 1379 1251 1433 pertinet
1270 1379 1399 1419 etiam

79 1436 195 1479 haud
225 1438 351 1479 dubie
380 1437 469 1492 „De
496 1438 780 1492 Trojaensche
810 1437 1038 1493 v01·log“3)‚
1071 1451 1196 1492 quem
1229 1437 1398 1491 scripsit

81 1494 231 1549 Seyer
260 1496 607 1550 Dieregyodyaf.

199 1554 369 1598 Certam
400 1559 566 1610 partem
598 1556 826 1611 quandam,
855 1569 1008 1609 nempe
1041 1569 1229 1596 amorem
1262 1554 1394 1596 Troili

81 1617 123 1655 et
171 1613 389 1656 Briseidae
436 1615 695 1669 lepidissime
744 1630 768 1656 a
805 1614 1037 1656 Benedicto
1079 1616 1308 1656 tractatam
1354 1614 1400 1654 in

80 1672 205 1714 Italia
241 1673 484 1715 felicissime
521 1675 713 1715 imitatus
747 1676 812 1715 est
842 1671 1180 1728 Romanus&
1212 1673 1257 1713 111
1287 1672 1399 1713 libro

0 1761 7 1784 5
81 1746 206 1786 quem
237 1732 455 1787 inscripsit
485 1732 733 1775 Filostrato:
765 1733 833 1774 hic
867 1747 974 1774 saec.
1006 1731 1109 1772 XIV
1143 1734 1321 1772 exeunte
1354 1731 1398 1771 in

81 1790 387 1847 Francogallia‚
420 1806 515 1833 cum
547 1792 633 1833 iam
652 1806 776 1834 nemo
797 1791 1016 1833 Benedicti
1037 1804 1208 1832 carmen
1227 1790 1400 1844 legeret,

0 1852 7 1885 ἰ
81 1865 106 1891 a
149 1849 321 1904 (Petro
323 1851 349 1905 )
399 1851 639 1893 Bcauvau
689 1851 733 1892 in
785 1851 977 1906 linguam
1030 1848 1398 1903 Francogallicam

81 1922 229 1950 versus
281 1912 364 1952 est:
435 1912 476 1951 et
528 1909 748 1951 Benedicti
795 1923 967 1951 carmen
1024 1911 1065 1949 et
1107 1907 1399 1949 Boccatium

81 1968 273 2010 imitatus
324 1967 577 2011 Chauccr
626 1968 924 2009 celeberrimus
974 1966 1224 2009 Britanniae
1272 1968 1400 2021 poeta

84 2027 196 2092 circa
236 2042 272 2068 a.
314 2028 427 2070 1360
466 2027 707 2082 composuit
742 2027 866 2082 „here
916 2025 1136 2068 followeth
1188 2024 1306 2068 Boke
1357 2024 1404 2066 of

0 2195 8 2226 ,⁵
178 2190 202 2235 ¹)
237 2190 322 2237 Joly
353 2192 377 2226 1.
404 2191 427 2226 l.
454 2203 490 2237 p.
524 2196 593 2226 434
626 2203 704 2236 sqq.
830 2191 856 2236 2)
890 2190 986 2225 edid.
1019 2190 1265 2233 Blommaert,
1302 2187 1399 2222 Oud-

79 2237 288 2274 vlaemsche
313 2238 486 2284 gedichte
512 2239 576 2274 der
598 2239 690 2282 XII,
717 2238 811 2273 XIII.
840 2249 884 2274 011
898 2237 995 2272 XIV.
1023 2237 1185 2272 Eeuwen
1210 2236 1254 2280 II,
1283 2239 1325 2270 73
1353 2235 1399 2270 cf.

0 2275 7 2313 ἵ
78 2283 232 2330 Dunger
255 2285 279 2321 l.
294 2285 317 2321 1.
337 2298 372 2331 p.
388 2290 432 2321 39
452 2286 620 2331 Bartsch,
646 2286 825 2321 Albrecht
843 2296 917 2320 von
936 2283 1181 2320 Halberstadt
1198 2295 1234 2328 p.
1256 2281 1399 2317 XLCV.

81 2331 108 2375 3)
134 2331 190 2367 ed.
217 2332 444 2369 Blommaert
468 2334 491 2369 l.
517 2333 542 2369 1.
568 2334 595 2378 I,
624 2337 653 2368 1.
754 2333 781 2378 ⁴)
806 2332 893 2378 Joly
918 2332 941 2366 1.
968 2332 992 2366 1.
1018 2343 1053 2377 p.
1082 2335 1160 2367 504.
