1607 2536
195 76 251 118 50
630 78 840 114 DARETIS
865 78 1067 116 PHRYGII

194 173 240 214 in
271 173 373 214 aede
404 172 620 215 Minervae
653 175 879 217 occultant.
934 178 1028 217 tota
1058 179 1183 218 nocte
1214 191 1303 218 non
1334 182 1504 220 cessant

193 231 343 286 Argivi
375 231 594 273 devastare
625 233 888 288 praedasque
919 233 1067 276 facere.

311 289 443 332 XLII.
504 290 738 346 Postquam
765 292 853 333 dies
878 292 1049 347 inluxit,
1080 293 1379 348 Agamemnon
1408 295 1504 336 uni-

194 362 338 390 versos
383 349 508 390 duces
558 349 603 390 in
652 364 746 391 arce
790 354 1018 405 convocat,
1068 352 1147 393 diis
1195 353 1354 407 gratias
1399 354 1500 408 agit,

158 418 175 444 5
195 407 424 460 exercitum
456 408 695 458 conlaudat,
723 423 892 449 omnem
920 410 1121 463 praedam
1153 411 1271 452 iubet
1296 411 1341 452 in
1360 412 1499 464 medio

140 714 173 738 10

138 1006 171 1030 15

135 1299 169 1324 20

193 466 503 520 reponendam,
536 481 664 521 quam
696 481 791 509 cum
824 468 1019 509 omnibus
1050 469 1233 523 partitus
1262 472 1328 510 est
1358 470 1502 511 simul-

194 539 274 578 que
300 525 486 575 consulit
508 525 755 580 exercitum,
776 541 830 567 an
849 527 1016 580 placeat
1033 528 1244 569 Antenori
1270 531 1312 568 et
1330 527 1500 569 Aeneae

186 586 236 623 et
255 583 322 624 his
340 584 416 638 qui
436 599 522 625 una
540 584 723 638 patriam
743 585 1018 639 prodiderint,
1037 586 1162 627 fidem
1183 587 1351 628 servari.
1384 601 1499 628 exer-

195 642 302 683 citus
328 644 444 683 totns
475 644 713 684 conclamat
742 644 908 697 placere
934 644 1026 685 sibi.
1081 645 1225 699 itaque
1258 646 1501 686 convocatis

193 701 389 742 omnibus
435 716 510 742 3113
560 702 703 742 omnia
751 702 899 743 reddit.
972 702 1168 744 Antenor
1218 706 1343 758 rogat
1384 703 1499 758 Aga·
1561 755 1563 757 ι

191 773 480 813 memnonem,
512 762 558 801 ut
587 760 667 811 sibi
696 761 814 815 loqui
844 761 989 802 liceat:
1027 761 1327 816 Agamemnon
1362 762 1497 803 dicere

191 817 319 859 iubet.
397 819 606 872 principio
656 819 853 860 omnibus
897 819 1152 875 Graiugenis
1202 821 1362 875 gratias
1407 821 1498 875 agit

192 876 400 931 simulque
469 880 775 919 commemorat
835 877 1047 919 Helenum
1109 882 1152 920 et
1211 878 1495 921 Cassandram

190 949 338 988 pacem
389 950 555 990 semper
604 937 717 990 patri
768 937 969 991 suasisse,
1026 937 1321 992 Achillemque
1372 952 1501 979 suasu

190 993 345 1034 Heleni
383 995 623 1048 sepulturae
662 995 873 1036 redditum
910 995 1052 1037 fuisse.
1113 997 1413 1051 Agamemnon
1449 1010 1500 1036 ex

191 1052 357 1094 consilii
401 1054 613 1094 sententia
655 1053 820 1095 Heleno
865 1056 907 1094 et
949 1053 1212 1096 Cassandrae
1256 1055 1498 1096 libertatem

189 1111 337 1152 reddit.
397 1111 587 1153 Helenus
630 1127 707 1166 pro
748 1112 925 1153 Hecuba
969 1116 1011 1153 et
1046 1113 1347 1154 Andromacha
1384 1113 1499 1167 Aga-

190 1184 460 1217 memnonem
504 1171 753 1224 deprecatur
803 1174 1189 1226 commemoratque
1235 1185 1400 1225 semper
1444 1172 1497 1212 ab

189 1228 255 1269 1113
293 1243 384 1270 esse
423 1229 633 1270 dilectum.
702 1230 830 1270 etiam
873 1230 939 1271 his
988 1244 1038 1270 ex
1076 1230 1242 1271 consilii
1287 1230 1498 1270 sententia

188 1287 363 1329 libertas
395 1302 596 1329 concessa
626 1290 701 1329 est.
751 1288 913 1329 interea
944 1289 1148 1342 praedam
1181 1302 1351 1330 omnem
1383 1302 1497 1341 exer-

283 1453 303 1483 2
330 1449 581 1494 praedamque
607 1450 642 1484 R
671 1452 676 1493 Ι
704 1451 898 1495 exportare
929 1450 962 1485 G
1065 1454 1084 1485 3
1112 1449 1189 1484 dies
1223 1460 1288 1485 om.
1320 1450 1352 1485 G
1374 1451 1378 1492 Ι
1401 1451 1499 1485 luxit

188 1496 222 1529 L
270 1496 395 1531 illuxit
419 1497 470 1530 L2
492 1499 496 1540 Ι
519 1508 646 1531 omnes
678 1497 711 1531 G
807 1501 829 1531 4
855 1508 938 1532 arce
963 1497 1153 1532 Mineruae
1186 1496 1219 1531 G
1241 1499 1245 1541 Ι
1267 1497 1321 1532 ait
1346 1497 1379 1532 G
1475 1502 1495 1532 5

188 1544 227 1577 in
264 1544 427 1578 medium
460 1544 494 1578 G
598 1548 618 1578 6
649 1545 902 1588 reponendam
933 1555 1045 1588 quem
1076 1555 1159 1579 curn
1189 1544 1223 1578 L
1282 1544 1410 1579 referri
1442 1544 1497 1578 ait

189 1601 226 1625 se
257 1590 398 1635 pariter
433 1601 517 1625 cum
550 1591 583 1625 G
617 1593 621 1633 Ι
652 1591 880 1635 partiturum
917 1591 1082 1635 satisque
1110 1591 1296 1625 facturum
1335 1591 1367 1624 G
1476 1595 1496 1624 7

189 1637 372 1681 simulque
398 1648 464 1672 om.
491 1638 524 1672 G
547 1639 550 1681 Ι
574 1639 612 1672 et
636 1649 702 1672 om.
730 1638 762 1672 G
854 1643 873 1673 8
900 1639 939 1672 et
963 1638 1021 1672 his
1047 1642 1079 1672 et
1102 1648 1177 1671 una
1202 1648 1266 1672 om.
1292 1637 1326 1670 L
1348 1639 1351 1679 Ι
1374 1637 1496 1681 prodi-

188 1684 320 1718 derant
341 1684 374 1718 G
396 1685 400 1728 Ι
423 1685 522 1728 quod
547 1684 621 1729 ipsi
646 1685 816 1719 ductores
842 1684 880 1719 in
907 1684 1150 1719 clamdestino
1183 1684 1495 1718 confirmauerunt

189 1732 272 1765 add.
300 1731 333 1765 G
359 1735 441 1766 ante
467 1731 576 1766 fidem
602 1731 743 1766 seruari
828 1736 847 1766 9
875 1731 945 1765 sibi
971 1731 1004 1764 L
1028 1732 1070 1765 in
1088 1741 1200 1775 mary.
1230 1730 1234 1775 Ι
1263 1730 1491 1765 conuocatis-

1227 1786 1247 1803 U

189 1824 259 1857 que
287 1813 457 1848 omnibus
491 1813 667 1848 uniuersa
698 1824 793 1857 quae
826 1824 893 1848 3113
919 1814 1024 1847 erant
1051 1812 1290 1847 reddiderant
1320 1812 1354 1846 L
1452 1816 1494 1846 11

189 1860 309 1895 dicere
336 1860 370 1895 G
397 1862 401 1903 Ι
429 1860 578 1905 placeat
614 1861 648 1894 L
753 1864 795 1894 12
832 1872 886 1905 pr.
923 1861 1077 1894 antenor
1110 1872 1162 1904 gr.
1190 1859 1282 1904 grai.
1309 1870 1404 1894 omn.
1433 1858 1491 1907 G!

188 1907 343 1953 313ΙΙΙΙΙΙΙΙ
371 1907 406 1940 L
503 1911 545 1941 13
571 1907 743 1942 helenam
771 1907 803 1941 G
832 1909 836 1951 Ι
865 1907 1064 1942 cassandra
1088 1907 1122 1940 L
1220 1910 1263 1940 14
1288 1917 1431 1950 semper
1457 1919 1494 1951 p.

187 1954 327 1988 bellum
353 1956 432 1998 (om.
461 1956 605 1999 pacem)
633 1954 666 1988 G
694 1956 698 1997 Ι
727 1954 886 1989 achillei]
919 1954 952 1988 G
982 1954 986 1999 Ι
1015 1965 1126 1988 suasu
1148 1974 1188 1977 --
1208 1953 1336 1998 fuisse]
1376 1954 1495 1997 sepul-

187 2003 292 2035 turae
336 2000 441 2035 reddi
481 2001 655 2035 helenum
693 2000 856 2035 effecisse
895 2002 932 2035 et
970 2000 1094 2034 omnia
1130 2000 1305 2034 helenum
1336 1999 1429 2034 scire
1461 1999 1496 2034 G

190 2052 232 2081 16
265 2047 418 2082 consilio
444 2047 650 2082 sententiae
683 2048 716 2081 G
822 2052 864 2081 17
890 2047 1053 2081 reddidit
1082 2047 1115 2081 G
1138 2048 1142 2092 Ι
1164 2047 1298 2081 helena
1322 2046 1363 2080 F
1386 2047 1391 2089 Ι
1419 2046 1492 2080 hel.

188 2105 318 2139 rogare
351 2105 416 2139 pro
443 2094 545 2129 andr.
580 2105 700 2139 agam.
733 2096 771 2128 et
794 2105 861 2138 pro
889 2094 990 2128 hece.
1017 2093 1140 2138 coepit
1166 2093 1199 2127 G
1298 2097 1339 2127 18
1367 2091 1494 2136 depre-

188 2145 293 2176 catur
318 2152 384 2175 om.
419 2141 451 2175 G
479 2143 482 2183 Ι
512 2151 803 2175 commemorans
829 2151 975 2184 semper
1007 2141 1053 2174 ab
1085 2141 1121 2174 h.
1155 2140 1188 2174 d.
1223 2140 1301 2182 (om.
1334 2141 1425 2182 esse)
1460 2138 1495 2173 G

191 2193 231 2223 19
266 2188 443 2222 dilectum
472 2188 512 2222 F
538 2187 542 2233 Ι
570 2187 914 2232 etiam—interea]
940 2187 1195 2232 Agamemnon
1224 2185 1271 2219 ad
1298 2185 1493 2220 consilium

188 2235 311 2270 refert.
361 2234 504 2279 placuit
528 2234 603 2269 illis
628 2235 842 2270 libertatem
867 2233 972 2268 reddi
998 2244 1136 2278 suaque
1165 2232 1290 2267 omnia
1316 2232 1350 2267 G
1446 2236 1492 2266 20

188 2281 366 2316 exercitui
391 2292 458 2316 om.
485 2281 529 2316 G.
