1607 2536
566 115 903 152 PRAEFATIO.
1345 131 1393 161 XI

68 232 111 258 n.
144 215 270 258 2861.
332 214 448 263 Quae
481 214 730 269 ignotorum
763 216 985 255 auctorum
1011 213 1389 267 interpretationes

78 277 340 330 quantopere
358 273 603 315 hominibus
629 272 743 313 illius
775 272 980 326 temporis
1000 272 1206 326 probatae
1234 273 1393 314 fuerint

72 334 196 375 facile
228 333 327 374 inde
360 332 670 388 cognoscimus,
702 331 816 386 quod
845 331 975 372 etiam
996 331 1189 386 sequenti
1219 333 1388 374 saeculo

76 393 245 448 saepius
276 392 480 447 repetitae
513 393 624 432 sunt.

190 450 440 505 Complures
472 449 846 504 interpretationes
880 463 985 490 saec.
1006 448 1109 490 XVI
1133 450 1178 490 in
1205 449 1390 492 Franco-

74 510 205 567 gallia
252 509 389 551 factae
432 511 543 550 sunt.
613 508 665 549 In
712 508 908 549 Italicam
950 508 1145 563 linguam
1188 508 1391 550 Daretem

71 570 198 611 vertit
232 569 405 610 Tomaso
436 567 655 609 Porcaechi
687 567 812 620 1570,
844 567 1024 620 Poyyius
1060 567 1184 609 1578.
1234 567 1286 608 In
1313 568 1392 608 lin-

74 643 204 684 guam
263 627 561 669 Germanicam
625 626 861 667 translatus
929 629 994 667 est
1052 640 1127 680 per
1197 627 1394 668 Illarcum

74 688 242 729 Tatium
276 687 498 741 Augustae
526 685 848 727 Vindelicorum
881 684 1048 739 15361)‚
1080 685 1192 727 1556
1221 685 1392 740 Lipsiae

76 747 189 788 1774
227 761 252 787 a
294 745 325 787 I.
370 745 449 786 Ad.
486 744 799 798 Hermst'adtio,
842 746 1059 798 postremo
1090 744 1136 785 in
1167 743 1392 786 Russicam

73 805 192 846 iussu
223 804 340 845 Petri
370 803 518 859 Magni
551 819 586 845 a.
623 804 746 844 1712.

189 863 282 904 Iam
312 878 411 904 vero
443 865 591 904 auctor
621 863 747 903 huius
788 862 921 903 libelli
964 862 1156 917 quisquis
1187 863 1261 903 ille
1301 867 1392 904 erat

73 923 164 976 ipse
197 922 278 963 sibi
309 935 467 963 nomen
498 920 669 962 Daretis
690 920 868 975 Phrygii
901 920 1054 962 adiecit
1086 924 1212 976 atque
1243 922 1392 963 haberi

72 981 209 1022 voluit
238 981 274 1021 is
307 981 379 1035 qui
412 980 523 1033 apud
554 979 790 1021 Homerum
822 978 869 1020 Il.
890 978 942 1033 V,
975 980 999 1020 9
1034 983 1391 1022 commemoratur

76 1039 272 1081 sacerdos
313 1038 561 1092 Hephaesti.
632 1037 1019 1091 (Commemoratur
1060 1039 1189 1080 etiam
1230 1055 1255 1080 a
1286 1039 1391 1080 Ver-

78 1098 180 1153 gilio
212 1098 257 1139 in
287 1097 476 1139 Aeneide
508 1097 561 1151 V,
593 1097 678 1139 369
712 1112 802 1152 sqq.
864 1096 999 1138 Dares

163 1155 286 1198 Solus
319 1157 391 1211 qui
421 1155 619 1198 Paridem
652 1157 767 1198 solus
800 1157 1054 1198 contendere
1087 1160 1236 1198 contra

159 1215 360 1270 Idemque
381 1216 433 1256 ad
447 1216 671 1268 tumulum,
693 1230 775 1270 quo
790 1230 1015 1257 maxumus
1036 1216 1215 1257 occubat
1228 1215 1389 1257 Hector

158 1274 379 1316 Victorem
409 1274 551 1315 Buten
582 1275 760 1316 immani
792 1289 980 1329 corpore,
1014 1275 1086 1329 qui
1119 1289 1163 1316 se

161 1333 370 1387 Bebrycia
400 1333 575 1374 veniens
607 1333 761 1387 Amyci
794 1334 843 1374 de
877 1335 1003 1388 gente
1034 1333 1200 1375 ferebat

160 1391 348 1434 Perculit
379 1395 421 1433 et
451 1392 568 1433 fulva
599 1393 902 1434 moribundum
935 1392 1125 1434 extendit
1156 1407 1295 1434 arena.

73 1455 116 1493 et
163 1451 422 1506 lepidissime
484 1452 572 1492 eius
624 1454 666 1493 et
707 1451 870 1492 Entelli
915 1453 1131 1492 certamen
1175 1452 1388 1506 singulare

75 1509 355 1565 describitur.)
414 1509 566 1564 Neque
597 1513 742 1551 tamen
775 1524 871 1551 eum
902 1509 1081 1551 Homeri
1121 1511 1311 1552 carmina
1344 1525 1391 1552 ac

73 1583 127 1610 ne
158 1569 280 1609 illum
311 1569 452 1623 ipsum
485 1568 653 1623 quidem
685 1570 826 1610 locum
845 1569 1001 1623 legisse
1028 1571 1276 1623 statuemus,
1309 1584 1392 1624 quo

72 1630 273 1670 narratur
306 1642 390 1682 qua
429 1628 602 1669 fortuna
634 1627 804 1669 Daretis
836 1628 914 1668 filii
952 1642 1047 1669 cum
1080 1627 1286 1670 Diomede
1318 1644 1393 1683 pu-

74 1687 311 1742 gnaverint.
371 1685 484 1727 Nam
515 1686 778 1728 celeberrimi
808 1689 960 1741 poetae
980 1687 1050 1727 vix
1081 1701 1240 1728 nomen
1272 1689 1392 1729 novit

75 1748 200 1800 atque
243 1747 291 1786 ut
332 1759 383 1786 ex
424 1745 607 1799 epistula
647 1760 754 1800 quae
797 1747 888 1787 sine
930 1746 1059 1787 dubio
1102 1746 1291 1788 eiusdem
1330 1750 1394 1788 est

75 1806 262 1859 apparet,
294 1804 481 1845 maxima
512 1819 607 1845 cum
640 1805 840 1859 superbia
871 1819 967 1845 eum
999 1804 1196 1859 despicit,
1237 1806 1392 1860 quippe

75 1863 147 1917 qui
189 1863 491 1917 superstitione
534 1863 638 1904 adeo
670 1864 859 1905 imbutus
891 1863 1036 1917 fuerit,
1081 1866 1130 1904 ut
1161 1864 1262 1905 deos
1296 1879 1393 1906 cum

171 1955 194 1999 ¹)
220 1955 470 2001 Warhafftige
490 1955 631 1990 Histori
651 1955 727 1989 und
747 1955 1031 2001 beschrcybung
1057 1968 1130 1991 von
1156 1956 1240 1991 dem
1263 1957 1393 1991 Troia-

72 2001 225 2036 nischen
239 2001 364 2047 Krieg,
391 2002 467 2036 und
488 2003 704 2047 zerstorung
718 2002 783 2036 der
798 2002 881 2037 Stat
902 2003 1022 2046 Troie,
1052 2003 1168 2038 durch
1189 2004 1261 2038 den
1281 2004 1392 2039 hoch-

73 2048 257 2093 geachten
283 2048 681 2092 Gcschichtschreiber‚
717 2049 853 2093 Dictyn
881 2049 1093 2085 Cretensem
1113 2051 1188 2085 und
1218 2051 1392 2086 Darctem

72 2095 293 2141 Phrygium,
337 2096 499 2131 Erstlich
525 2096 565 2130 in
590 2096 848 2131 Griechischer
873 2097 1008 2141 sprach
1034 2098 1265 2140 beschriben,
1311 2098 1392 2132 dar-

73 2142 169 2177 nach
194 2143 344 2187 Latein,
388 2143 464 2178 und
497 2143 652 2188 jetzund
688 2143 845 2179 newlich
884 2144 1000 2179 durch
1038 2145 1204 2180 Marcum
1243 2145 1392 2180 Tatium

71 2190 141 2224 ctc.
174 2190 256 2224 Auss
283 2190 368 2225 dem
392 2190 526 2226 Latein
551 2190 608 2226 ins
647 2190 807 2226 Teutsch
845 2192 1090 2235 verwandelt,
1134 2193 1296 2228 voi-mals
1333 2193 1392 2227 nie

73 2237 358 2320 ᾔῗξέξᾶνῗιίῢ
391 2237 579 2272 durchauss
612 2237 773 2273 schonen
805 2238 965 2284 Figuren
999 2239 1162 2284 gczieret
1186 2240 1389 2285 Augspurg
