1607 2536
325 122 387 157 DE
415 121 611 156 EXC1D1O
639 120 816 155 TROIAE
844 120 1084 156 HISTORJA.
1311 121 1362 161 13

56 221 191 261 mines
237 231 378 259 seeum
422 232 549 272 quam
592 216 798 270 plurimos
843 216 1033 269 captivos
1084 216 1277 270 abduxit,
1321 217 1365 257 in

56 292 184 320 naves
227 276 434 331 inposuit,
477 276 654 316 classem
694 275 838 328 solvit,
882 274 1054 315 domum
1092 275 1245 316 reverti
1283 275 1365 316 dis-

56 336 215 390 posuit,
258 336 303 376 in
346 338 516 388 portum
554 333 755 375 Tenedon
792 333 1001 387 pervenit,
1045 333 1118 374 ubi
1156 332 1365 374 Helenam

57 390 265 436 maestam
304 393 489 448 alloquio
520 392 709 447 mitigat,
746 392 857 445 patri
889 392 950 433 rei
982 395 1126 447 gestae
1166 392 1364 433 nuntium

57 453 201 494 mittit.
243 451 438 494 Menelao
464 454 691 505 postquam
718 451 962 492 nuntiatum
992 454 1057 492 est
1075 450 1244 505 Pylum,
1271 465 1365 492 cum
1385 463 1402 488 5

56 511 238 553 Nestore
283 509 480 565 Spartam
523 509 737 564 profectus
782 512 864 563 est,
909 509 961 550 ad
998 509 1365 564 Agamemnonem

56 572 231 612 fratrem
262 569 380 611 misit
410 569 550 623 Argos
582 581 757 622 rogans,
789 571 837 608 ut
868 567 920 609 ad
953 582 997 609 se
1028 569 1182 609 veniat.

175 627 248 669 XI.
309 627 478 669 Interea
516 626 758 668 Alexander
802 626 854 667 ad
897 629 1061 680 patrem
1107 641 1229 667 suum
1273 641 1367 668 cum

57 700 215 742 magna
246 686 403 741 praeda
433 685 627 740 pervenit
663 688 706 727 et
736 685 796 726 rei
829 688 973 740 gestae
1010 684 1201 727 ordinem
1226 685 1366 727 refert.

58 745 253 787 Priamus
293 744 462 800 gavisus
495 747 560 786 est
591 758 766 798 sperans
799 742 984 785 Graecos
1017 744 1070 785 ob
1103 758 1273 785 causam
1305 757 1367 784 re·
1389 756 1421 780 10

59 804 345 858 cuperationis
382 802 571 844 Helenae
622 816 809 844 sororem
851 801 1086 844 Hesionam
1129 802 1367 844 reddituros

60 866 109 904 et·
137 876 186 903 ea
229 875 336 917 quae
373 861 471 903 inde
509 876 534 902 a
570 861 766 903 Troianis
805 861 1083 902 abstulerunt.
1159 860 1368 902 Helenam

59 924 267 962 maestam
299 921 543 962 consolatus
576 924 640 961 est
672 923 712 961 et
745 934 837 960 eam
869 919 1113 961 Alexandro
1146 920 1369 974 coniugem

60 979 185 1021 dedit.
248 993 374 1034 quam
407 982 456 1020 ut
487 979 652 1033 aspexit
682 977 939 1032 Cassandra,
976 978 1199 1019 vaticinari
1231 978 1371 1032 coepit

59 1052 300 1080 memorans
327 1051 376 1078 ea
414 1051 520 1092 quae
553 1040 650 1078 ante
681 1036 958 1091 praedixerat.
1013 1051 1140 1091 quam
1172 1036 1367 1078 Priamus
1390 1047 1421 1073 15

61 1096 252 1138 abstrahi
299 1099 349 1137 et¹
382 1095 540 1137 includi
584 1096 719 1137 iussitss
793 1096 1093 1150 Agamemnon
1141 1098 1370 1149 postquam

61 1155 258 1210 Spartam
289 1155 422 1209 venit,
454 1154 629 1196 fratrem
662 1154 905 1195 consolatus
938 1156 1004 1195 est
1034 1157 1075 1195 et
1110 1154 1287 1208 placuit,
1325 1157 1372 1194 ut

60 1228 135 1268 per
164 1217 301 1255 totam
329 1212 551 1255 Graeciam
577 1213 858 1267 conquisituri
885 1212 1157 1253 mitterentur
1188 1212 1240 1253 ad
1273 1226 1371 1253 eon-

60 1272 272 1314 vocandos
317 1271 501 1313 Graecos
552 1275 593 1312 et
640 1271 835 1312 Troianis
885 1271 1044 1312 bellum
1088 1270 1370 1312 indicendum.

62 1333 350 1372 convenerunt
370 1333 511 1372 autem
531 1330 594 1371 hi:
620 1329 808 1371 Achilles
835 1344 929 1371 cum
944 1329 1141 1371 Patroclo
1160 1328 1371 1383 Emyalus
1391 1341 1425 1366 20

62 1389 331 1444 Tlepolemus
351 1387 591 1431 Diomedes
628 1391 855 1443 postquam
877 1387 1072 1442 Spartam
1093 1390 1372 1441 accesserunt,

63 1448 337 1489 decre-verunt
370 1447 546 1489 iniurias
579 1447 862 1488 Troianorum
893 1446 1108 1501 persequi,
1141 1446 1370 1487 exercitum

63 1511 105 1548 et
130 1507 308 1548 classem
318 1519 579 1561 conparare:
613 1506 981 1561 Agamemnonem
1004 1505 1303 1559 imperatorem
1331 1507 1374 1546 et

65 1565 213 1606 ducem
239 1565 500 1619 praeficiunt.
544 1564 588 1605 hi
614 1564 778 1619 lega-tos
799 1564 994 1618 mittunt,
1020 1567 1067 1604 ut
1086 1567 1178 1605 tota
1198 1562 1373 1605 Giaecia

15 1644 17 1646 ·
64 1623 320 1665 conveniant
352 1637 448 1665 cum
472 1623 679 1665 classibus
705 1626 748 1664 et
773 1622 1026 1664 exercitibus
1053 1622 1192 1664 ornati
1217 1621 1373 1676 parati-
1393 1633 1426 1658 25

65 1695 145 1737 que
166 1681 218 1723 ad
237 1682 545 1724 Atheniensem
565 1685 752 1736 portum,
772 1684 821 1722 ut
839 1681 936 1722 inde
956 1680 1116 1735 pariter
1136 1680 1187 1722 ad
1201 1680 1373 1722 Troiam

64 1740 386 1795 proficiscantur
425 1740 477 1782 ad
516 1739 799 1782 defendendas
842 1754 939 1781 suas
971 1739 1161 1781 iniurias.
1223 1737 1375 1781 Castor

163 1908 180 1937 1
208 1902 377 1948 captiuos
396 1913 463 1939 om.
484 1902 518 1939 G
540 1905 544 1946 l
568 1902 724 1938 adduxit
750 1901 783 1945 G,
874 1907 896 1937 4
917 1902 1081 1945 alloquio
1101 1903 1258 1936 mestam
1278 1900 1375 1936 miti-

67 1949 174 1995 gauit
199 1949 231 1985 G
328 1954 348 1985 5
373 1949 477 1985 misit
502 1949 534 1985 G
558 1952 562 1993 Ι
584 1961 619 1994 p.
639 1949 679 1984 in
703 1948 780 1993 pilo
807 1961 841 1984 n.
862 1949 938 1984 LG
959 1950 964 1993 Ι
986 1948 1118 1993 Pylum
1141 1949 1272 1992 scr-ipsi
1297 1959 1376 1982 cum

67 1997 125 2031 M*
213 2000 230 2030 7
264 2006 384 2042 argos·
406 1997 461 2031 M
516 1997 614 2042 argis
647 1995 722 2031 LG
750 1998 753 2038 Ι
783 2006 805 2030 a
843 2006 882 2031 se
914 1995 947 2030 L
1055 2000 1097 2030 10
1129 1995 1176 2030 ob
1208 1995 1304 2029 hanc
1342 1994 1375 2029 G

69 2048 108 2078 11
136 2042 352 2078 haesionam
377 2043 412 2078 L
509 2046 551 2078 13
584 2042 796 2078 consolatur
828 2044 866 2078 et
898 2042 931 2078 G
1030 2046 1072 2076 14
1104 2041 1311 2077 uaticinare
1342 2041 1376 2075 L

69 2094 111 2125 15
146 2100 355 2125 memorans
390 2100 456 2125 om.
493 2089 526 2125 G
555 2091 558 2134 Ι
585 2089 773 2135 praedixit
810 2090 843 2124 G
947 2093 989 2124 16
1023 2088 1163 2124 abstrai
1196 2088 1228 2124 G
1333 2092 1375 2123 18

66 2137 334 2182 conquisitores
374 2135 408 2171 V
433 2138 436 2181 Ι
464 2137 657 2172 mitterent
686 2136 769 2171 LV
824 2137 1063 2172 mitterentur
1100 2135 1304 2180 quaesituri
1343 2134 1376 2170 G

69 2188 111 2219 19
132 2194 204 2228 pro
223 2183 382 2221 Graecos
401 2183 487 2227 fvrt
505 2193 611 2229 reges
709 2187 753 2219 20
778 2183 952 2218 Eurialus
980 2182 1055 2218 LG
1152 2186 1192 2216 21
1222 2181 1375 2227 tlepole-

66 2241 148 2266 mus
173 2230 209 2265 B
259 2229 519 2277 Telepolemus
539 2230 614 2265 LG
710 2234 753 2265 23
780 2229 1056 2276 conparandam
1075 2230 1149 2273 sere
1174 2229 1260 2264 libri
1279 2239 1376 2263 com-

67 2277 193 2322 parari
219 2276 252 2312 V
298 2287 513 2323 comparate
534 2278 737 2313 Mer-cerias
759 2277 763 2322 Ι
786 2279 824 2312 et
849 2277 979 2312 ducem
1005 2287 1070 2312 οηι.
1093 2276 1126 2312 G
1224 2280 1266 2310 25
1293 2285 1376 2310 con—

68 2324 197 2359 ueniat
220 2323 296 2359 LG
344 2324 568 2360 conueniant
593 2324 638 2359 B.
