1607 2536
610 108 945 145 PRAEFATIO.
1330 129 1454 159 XXXV

131 206 184 245 *at
226 204 370 258 paullo
415 204 528 245 infra
571 203 742 246 Daretis
786 206 1047 247 mentionem
1092 207 1193 249 facit
1237 209 1453 262 (similiter

137 262 267 304 etiam
298 278 336 304 v.
372 263 510 305 13081
546 261 678 318 seqq.)
711 261 766 317 (v,
799 262 904 319 296)

352 344 498 398 Dares,
530 346 600 386 ein
630 346 753 386 ritter
784 351 834 386 uz
867 347 1023 401 erwelt,

352 404 426 444 der
457 404 572 445 selbe
603 405 660 445 vil
691 419 768 445 vor
798 404 934 458 Troye
968 406 1100 460 streit,

353 477 463 503 swaz
495 463 569 504 der
598 464 645 504 in
674 463 912 505 kriechisch
943 463 1019 505 hat
1051 467 1186 520 geseit

352 535 438 562 von
470 521 579 562 dirre
610 522 889 564 kfineclichen
921 522 1025 576 stift7

354 579 429 620 daz
462 582 571 621 wart
601 581 680 621 mit
711 581 950 622 endelicher
982 582 1131 623 schrist

353 652 397 678 ze
430 639 610 680 welsche
642 639 729 680 und
761 640 806 680 in
837 640 967 680 latine
1001 641 1127 681 braht

140 722 252 762 unde
303 721 373 762 vix
421 723 525 775 puto
579 736 835 777 quemquam
881 723 1179 764 conclusurum
1230 739 1322 765 esse
1364 739 1459 766 eum

140 780 267 821 huius
309 780 418 821 libro
463 795 587 821 usum
631 795 733 822 esse.
807 780 966 822 Contra
1008 782 1120 836 quod
1165 797 1215 823 ex
1260 786 1458 825 accurata

135 838 459 892 vcomparatione
481 842 656 893 apparet
674 839 953 881 Benedictum
974 843 1141 881 secutus
1169 843 1244 895 est,
1276 842 1322 882 in
1353 843 1460 883 mul-

142 898 198 939 tis
237 901 382 938 tamen
421 898 511 939 sine
549 898 677 939 dubio
718 899 847 939 alium
884 898 1049 939 fontem
1080 898 1460 955 Franeogallieum,

144 971 233 998 non
271 957 441 1011 quidem
480 956 854 1011 Malkaraumium,
899 971 1081 1011 quocum
1118 958 1164 998 in
1209 959 1476 1013 quibusdam.

149 1015 372 1065 consentit.
423 1013 578 1056 Statim
605 1016 657 1056 ab
683 1016 806 1057 initio
834 1018 881 1057 ut
909 1016 977 1056 hie
1004 1017 1218 1057 somnium
1249 1017 1462 1071 Hecubae,

143 1075 408 1115 iuventutem
426 1073 604 1128 Paridis,
635 1075 808 1129 nuptias
834 1074 947 1115 Pelei
974 1089 1070 1115 cum
1090 1074 1280 1130 Thetide,
1312 1080 1462 1118 natum

142 1135 270 1187 atque
302 1133 527 1174 educatum
558 1132 769 1175 Achillem
802 1133 1053 1180 (secundum
1087 1132 1284 1175 Ovidium
1311 1137 1351 1176 et
1372 1134 1463 1176 Sta-

143 1190 294 1247 tium1)
325 1194 484 1245 narrat,
514 1195 607 1233 tum
639 1193 949 1246 expeditionem
980 1191 1342 1247 Argonautarum,
1375 1194 1464 1235 fata

146 1249 313 1291 Iasonis
365 1253 406 1291 et
448 1250 620 1292 Medeae
665 1249 910 1305 (praecipue
952 1250 1183 1291 secundum
1237 1251 1465 1308 Ovidium),

145 1309 297 1350 Troiae
329 1309 536 1351 excidium
569 1313 610 1351 et
629 1311 904 1352 refectionem
925 1309 1156 1350 secundum
1174 1309 1465 1366 Benedictum,

146 1367 295 1408 deinde
327 1366 382 1422 (fv.
418 1368 786 1425 13392—17300)
819 1368 1006 1410 Achilles
1041 1368 1152 1422 apud
1182 1368 1465 1422 Lycomedem

145 1440 290 1481 regem
324 1425 442 1481 Scyri
474 1428 739 1482 describitur,
771 1426 826 1483 (v.
862 1427 1005 1469 15074
1037 1427 1088 1467 cf.
1117 1425 1245 1468 Statii
1262 1427 1416 1470 Achill.
1435 1428 1467 1482 I,

151 1485 397 1540 276-282,
428 1501 465 1527 v.
503 1487 644 1528 15:350
677 1487 781 1541 0111,
814 1487 899 1527 372
933 1490 1065 1539 seqq.)
1127 1484 1236 1526 Tum
1267 1490 1395 1540 poeta
1415 1488 1468 1529 ad

146 1542 425 1586 Benedictum
456 1545 682 1586 revertitur
713 1548 756 1586 et
786 1546 935 1586 narrat
965 1543 1228 1585 Antenorem
1260 1546 1305 1586 in
1338 1545 1466 1588 Grae-

151 1602 262 1644 ciam
282 1603 473 1658 missum,
505 1604 653 1645 eodem
672 1604 869 1645 Paridem
887 1602 1125 1657 profectum
1147 1617 1250 1658 esse,
1282 1604 1470 1658 plurima

150 1676 201 1702 ex
244 1661 342 1716 hoc,
398 1664 567 1717 raptum
618 1663 807 1704 Helenae
864 1677 913 1703 ex
958 1660 1097 1702 Ovidii
1145 1660 1317 1704 Heroid.
1367 1663 1471 1706 XVI

151 1719 276 1761 XVII
286 1718 331 1776 2).
363 1720 538 1775 Ineptae
559 1721 818 1764 Graecorum
837 1721 1203 1775 Troianorumque
1225 1721 1470 1777 descriptio-

154 1793 230 1820 nes
275 1781 388 1821 recte
432 1781 705 1835 omittuntur,
749 1781 795 1822 in
843 1794 1020 1821 numero
1066 1778 1325 1821 Graecorum
1371 1785 1472 1823 sunt

153 1835 209 1892 (v,
254 1838 395 1880 2390?
444 1838 576 1895 seqq.)
651 1839 804 1882 Castor
847 1842 889 1880 et
931 1838 1102 1891 Pollux,
1150 1836 1375 1881 Cursalion
1421 1846 1470 1882 uz

155 1895 413 1952 Ungerlant,
463 1897 634 1940 Manbri
678 1914 762 1941 von
802 1897 981 1951 Riuzen,
1030 1896 1163 1937 Achel
1208 1912 1291 1938 von
1336 1898 1468 1941 Tene—

155 1955 350 2010 marken‚
392 1955 551 1998 Lerant
587 1972 670 1998 von
710 1956 931 2010 Sehotten‚
974 1955 1165 1996 Anachel
1199 1970 1282 1997 von
1314 1957 1471 2013 Engo]-

155 2013 260 2066 lant‚
291 2013 524 2069 Margalius
557 2031 641 2057 von
672 2015 925 2071 Norwegen,
958 2014 1189 2056 Colebrant
1220 2030 1303 2056 von
1324 2016 1471 2068 lrlant,

153 2071 333 2114 Floranz
353 2088 437 2115 von
456 2073 659 2130 Portigal‚
695 2074 826 2117 Urian
858 2089 942 2115 von
960 2072 1151 2114 Nava-rte
1183 2076 1225 2114 et
1256 2079 1471 2128 postremo

165 2132 328 2186 equites
361 2131 602 2176 Germanici
635 2133 690 2189 (v.
724 2135 887 2189 523996)

255 2283 277 2327 ¹)
304 2283 499 2320 Cholevius
525 2285 549 2319 1.
576 2285 599 2320 l.
626 2298 659 2331 p.
693 2290 753 2319 131
783 2284 935 2319 Bartsch
963 2284 986 2318 l.
1015 2284 1036 2318 l.
1058 2297 1091 2330 p.
1115 2281 1182 2316 XX
1294 2287 1319 2327 ἵ)
1347 2285 1475 2320 Cholo-

171 2329 253 2365 vius
278 2330 300 2365 l.
327 2331 350 2366 1.
378 2343 413 2376 p.
445 2336 510 2367 140
536 2332 693 2368 Bartsch
720 2333 742 2367 l.
771 2333 793 2366 l.
820 2344 854 2377 p.
882 2332 996 2367 XXV]
