1607 2536
155 163 296 194 XXXIV
640 148 975 184 PRAEFATIO.

162 246 304 287 13012
340 245 492 299 16575,
530 245 658 286 verba
690 260 711 285 e
748 244 1067 301 Francogallica
1102 245 1250 300 lingua
1280 247 1465 299 recepta:

158 318 196 345 v.
238 304 351 346 7585
394 304 507 345 nasel
544 301 613 358 (ea
649 318 747 358 pars
786 304 932 358 galeae
964 318 1070 358 quae
1110 318 1264 345 nasum
1305 306 1465 345 tuetur:

157 363 280 404 masal
310 362 412 403 Ben.
444 377 480 403 v.
501 362 628 416 2513,
661 377 696 403 v.
729 362 844 404 9303
878 363 1117 404 tumerschafn
1151 363 1176 403 i.
1210 377 1242 404 e.
1274 363 1468 404 saltatrix

160 418 320 476 (ortum.
352 435 403 461 ex
435 419 575 476 tonbe),
619 435 656 461 v.
692 421 831 462 11099
880 420 1022 462 15705
1072 421 1208 463 bisant
1251 421 1276 462 i.
1314 435 1347 462 e.
1384 420 1466 475 By-

158 480 352 520 zantinus
383 494 584 520 nummus
617 493 767 520 aureus
799 479 970 521 besanz:
1004 494 1039 520 v.
1072 480 1215 521 25362
1250 482 1325 521 etc.

274 537 526 580 Rectissime
559 540 700 579 autem
731 539 853 579 notat
883 537 1060 593 Dunger
1090 539 1115 579 l.
1147 539 1172 580 l.
1204 554 1242 592 p.
1275 539 1330 579 42
1361 537 1468 579 He‘r-

157 597 329 638 bortum
365 611 454 638 non
492 597 630 638 solum
668 597 885 650 complura
921 597 1096 638 nomina
1132 600 1243 638 recte
1275 597 1468 650 scribere,

157 658 206 696 ut
246 655 408 696 Peliam
449 655 522 696 sed
566 656 694 696 etiam
737 655 805 697 hic
848 656 934 697 illic
974 656 1080 697 bene
1128 658 1169 696 et
1218 664 1313 697 cum
1363 670 1467 697 sano

156 714 310 755 iudicio
341 716 518 755 mutare.
577 713 677 756 Non
709 715 822 755 enim
852 716 900 755 ut
919 713 1171 756 Benedictus
1191 715 1256 756 bis
1288 716 1469 756 mortem

156 772 396 814 Palamedis
441 773 657 827 describit,
713 773 785 814 sed
830 773 1006 814 alteram
1051 773 1376 827 descriptionem
1420 787 1470 814 ex

157 830 308 885 Dictye
351 834 564 885 sumptam
606 832 780 886 omittit,
824 831 1010 873 Achilles
1052 830 1107 886 (V.
1151 832 1291 873 10637
1336 830 1469 887 seqq.)
1548 844 1551 846 ·
1603 853 1605 856 v

160 888 389 930 Hectorem
414 890 580 931 fortiter
604 904 820 945 pugnans,
845 905 934 932 non
952 892 1000 932 ut
1019 892 1083 932 est
1103 891 1213 944 apud
1232 891 1353 931 illum
1373 891 1469 932 dolo

160 963 262 989 usus
282 948 495 1002 interficit,
526 949 638 990 idem
671 948 725 1005 (v.
750 950 888 990 10411
913 947 1044 1005 seqq.)
1076 949 1252 1004 placidis
1283 950 1469 991 lenibus-

126 1042 140 1048 -
158 1021 238 1061 que
268 1007 408 1048 verbis
428 1007 681 1048 morientem
700 1007 929 1049 Hectorem
947 1009 1230 1063 prosequitur,
1260 1023 1350 1049 non
1379 1009 1470 1062 ipse

157 1064 345 1106 Achilles
380 1066 453 1106 sed
484 1065 593 1107 Kalo
627 1067 799 1121 quidam
831 1065 1069 1123 (ν.13219)
1101 1066 1297 1108 Hectoris
1319 1081 1470 1121 corpus

117 1165 124 1170 ,
159 1124 270 1165 circa
306 1139 450 1165 muros
482 1124 634 1166 Troiae
671 1127 824 1179 raptat.
884 1124 1104 1166 Nonnulla
1135 1126 1262 1167 etiam
1295 1140 1345 1166 ex
1376 1126 1470 1167 aliis

159 1183 435 1236 scriptoribus
483 1184 615 1237 addit,
666 1183 893 1225 Cerberum
938 1185 990 1225 ab
1022 1183 1205 1225 Hercule
1244 1198 1296 1225 ex
1325 1184 1471 1226 inferis

161 1241 389 1282 adductum
422 1256 514 1282 esse
547 1243 627 1283 scit
658 1241 713 1297 (v.
745 1243 832 1284 425
865 1242 1008 1297 seqq),
1039 1244 1238 1284 notitiam
1259 1243 1472 1297 quandam

157 1299 352 1341 Platonis
386 1300 558 1355 eiusque
590 1300 845 1342 Dialecticae
876 1301 1007 1342 habet
1038 1299 1093 1356 (v.
1128 1301 1301 1357 10670),
1334 1301 1472 1342 Ovidii

159 1357 309 1399 Artem
368 1359 540 1400 amandi
597 1360 718 1401 novit
761 1358 815 1414 (V.
863 1359 976 1415 701),
1019 1375 1107 1401 non
1155 1360 1296 1401 minus
1348 1358 1472 1401 Statii

156 1415 447 1472 Achilleidem,
478 1420 526 1458 ut
558 1432 607 1459 ex
637 1414 674 1459 v]
708 1419 820 1459 6289
855 1433 968 1473 seqq.
1001 1419 1205 1472 suspicari
1244 1417 1363 1472 licet,⁴
1399 1419 1473 1459 ubi

161 1475 341 1517 Achillis
374 1476 571 1517 iuventus
604 1479 874 1518 memoratur.

274 1533 411 1575 Multo
455 1536 741 1588 praestantior
785 1551 911 1590 quam
954 1535 1192 1577 Herbortus
1242 1538 1306 1576 est
1350 1535 1472 1577 Con-

157 1594 310 1634 radus
342 1594 395 1634 de
421 1594 463 1634 V
462 1593 765 1649 irceburryolj)
798 1609 894 1635 cum
912 1593 1203 1636 Romanarum
1234 1595 1472 1635 litterarum

158 1651 387 1692 admodum
418 1666 594 1706 gnarus,
625 1655 718 1693 tum
748 1653 910 1708 ingenii
942 1653 1130 1694 sollertia
1149 1653 1368 1707 excellens,
1401 1653 1473 1694 sed

157 1710 414 1750 verbositate
447 1713 573 1765 atque
607 1726 731 1752 omne
762 1712 942 1752 nimium
974 1711 1310 1765 concupiscendo
1341 1712 1471 1753 lecto·
1497 1740 1499 1742 >

158 1782 248 1809 rem
295 1768 547 1823 defatigans.
620 1769 670 1810 A.
720 1770 832 1811 1280
882 1770 1099 1811 inchoavit
1145 1784 1315 1811 carmen
1368 1770 1472 1811 cele-

159 1826 392 1868 berrimum
429 1827 540 1881 „Der
577 1827 852 1869 Troianische
889 1826 1086 1883 K1·ieg“2)
1124 1829 1250 1882 idque
1289 1843 1325 1868 a.
1361 1829 1471 1870 1287

159 1886 344 1926 moriens
378 1886 672 1940 imperfectum
698 1887 890 1941 quamvis
911 1887 1091 1941 amplius
1111 1887 1257 1928 40000
1277 1901 1475 1928 versuum

162 1944 510 1998 complecteretur
539 1945 722 2000 reliquit.

279 2002 647 2058 Francogallicum
677 2004 841 2045 fontem
863 2019 906 2045 se
928 2005 1045 2059 sequi
1064 2004 1153 2058 ipse
1175 2004 1276 2045 dicit
1295 2004 1349 2057 (V.
1369 2002 1473 2059 266)

374 2076 459 2102 von
491 2061 741 2104 Wirzeburc
772 2063 840 2104 ich
873 2062 1064 2104 Cuonrat

375 2134 460 2161 von
491 2121 672 2162 welsche
704 2121 749 2161 in
780 2122 940 2162 tiutscli
972 2122 1132 2176 getihte

380 2179 459 2219 mit
489 2178 626 2220 rimen
659 2193 789 2234 gerne
822 2180 932 2220 rihte
956 2196 958 2198 ·

376 2236 452 2277 daz
485 2237 568 2278 alte
600 2238 742 2279 buoch
774 2252 859 2279 von
890 2238 1038 2292 Troye.

262 2309 523 2372 ¹)v-Ci1671'e‘vius
562 2329 584 2364 1.
617 2330 641 2363 1.
674 2341 707 2374 p.
743 2333 927 2364 136—145
959 2330 1110 2375 Dnuger
1140 2330 1163 2364 1.
1197 2330 1218 2365 1.
1248 2343 1282 2376 p.
1324 2335 1473 2365 43—60.

163 2373 189 2418 2)
217 2374 307 2409 edid.
339 2375 517 2411 Adelbert
542 2387 614 2412 von
640 2376 769 2428 Keller·
791 2376 1046 2422 Stuttgarcliae
1077 2381 1176 2412 1858.
