1607 2536
517 117 851 151 PRAEFATIO.
1226 131 1339 161 XLIII

29 214 193 255 bulavit
224 228 319 255 cum
352 212 605 255 dominabus
644 226 718 266 per
755 211 906 254 urbes“
944 237 998 241 —
1038 211 1078 252 V
1110 212 1163 253 51
1197 227 1345 253 narra-

27 276 120 313 tum
139 275 204 313 est
217 271 585 327 Agamemnonem
603 271 736 312 filiam
757 286 876 312 suam
898 271 1178 324 arcessivisse,
1199 271 1348 312 eo'dem

27 345 151 372 versu
188 331 369 386 legimus
408 331 533 372 ambo
577 344 698 385 reges
730 329 899 371 Ulixem
932 329 985 370 ad
1018 328 1346 383 Clytemestram

27 389 195 431 misisse
228 390 280 430 ad
313 404 407 431 eam
439 389 745 430 arcessendam.

145 448 340 490 Exeunte
378 462 483 489 saec.
523 446 629 488 XIII
667 447 827 489 Gvuiclo
859 448 911 488 (le
943 446 1178 488 Columna.
1221 447 1347 488 iudex

26 507 314 548 Messanensis
330 507 483 562 quiper
492 507 663 562 longius
675 506 879 560 temporis
895 506 1080 559 spatium
1090 505 1302 560 inAnglia
1312 505 1345 559 1)

28 566 218 621 degerat,
261 566 409 620 lingua
439 566 574 606 latina
604 565 828 606 historiam
861 564 1161 605 destructionis
1193 563 1347 605 Troiae

27 624 229 665 mandato
260 623 468 665 Matthaei
500 624 550 665 de
580 623 711 665 Porta
749 623 1055 677 archiepiscopi
1087 621 1347 663 Salernitani

27 685 75 724 ut
110 683 201 737 ipse
239 683 285 723 in
323 683 490 738 epilogo
523 682 625 723 dicit
657 683 860 736 scriptam
892 682 945 722 ad
976 681 1105 722 finem
1136 681 1348 735 perduxit.

29 740 204 783 Codices
219 743 366 782 extant
384 742 430 782 in
449 742 550 782 bibl.
570 741 687 795 publ.
705 740 838 782 Paris.
853 755 942 782 non
961 741 1102 781 minus
1124 755 1252 794 quam
1276 741 1342 793 18,

28 815 210 854 quorum
242 800 324 841 duo
358 814 465 841 saec.
497 799 600 840 XIV
639 802 750 852 sunt,
782 799 932 853 reliqui
963 798 1062 851 XV,
1106 799 1345 852 complures

27 859 72 899 in
110 858 254 912 Italia,
297 857 521 913 Vossius2)
573 859 757 913 appellat
809 858 897 899 cod.
943 872 1082 910 suum,
1126 859 1345 911 praeterea

19 917 116 959 cod.
149 916 451 972 Cantabrigiae
488 918 534 958 in
568 917 670 958 bibl.
703 917 852 958 domus
886 915 926 957 S.
957 914 1084 969 Petri,
1116 916 1270 957 Oxonii
1300 916 1346 956 in

26 976 128 1018 bibl.
161 975 339 1031 Collegii
370 975 653 1017 Balliolensis.
687 974 824 1016 Guido
857 977 904 1015 ut
934 990 1011 1029 pro
1044 975 1117 1016 illo
1148 976 1339 1028 tempore

28 1035 131 1076 satis
170 1035 359 1076 eruditus
398 1036 505 1088 erat,
548 1049 636 1076 non
676 1034 813 1075 solum
852 1034 1014 1087 peritus
1052 1032 1346 1074 Romanorum

26 1095 261 1148 poetarum,
294 1108 473 1148 quorum
506 1092 702 1134 Ovidium
736 1095 777 1133 et
796 1092 1034 1147 Vergilium
1068 1092 1235 1145 saepius
1255 1092 1344 1132 lau-

28 1152 111 1206 dat,
144 1151 216 1193 sed
248 1153 377 1193 etiam
398 1152 577 1193 aliorum
599 1152 780 1206 scriptor
783 1166 854 1192 um
873 1150 1111 1192 Ptolomaei
1130 1151 1348 1205 Aegyptii,

25 1209 225 1265 Dionysii
255 1211 555 1271 Areopagitae,
593 1210 834 1263 Iustiniani,
865 1209 1036 1262 Isidori,
1076 1209 1217 1250 Bedae
1241 1209 1342 1250 alio—

27 1284 140 1324 rum,
187 1284 237 1310 ex
277 1269 429 1324 quibus
472 1270 619 1324 quavis
663 1269 884 1310 occasione
926 1271 1095 1322 arrepta
1134 1268 1345 1309 litterulas

28 1343 126 1369 suas
158 1329 300 1381 iactat,
331 1329 555 1382 praecipue
588 1328 640 1368 ad
660 1327 885 1369 historiam
905 1327 1211 1382 geogiaphiam
1232 1329 1347 1367 artes

26 1387 244 1428 naturales
274 1387 546 1441 pertinentes.
608 1386 668 1427 Ut
686 1387 776 1440 ipse
797 1387 843 1426 in
874 1386 1139 1440 praefatione
1171 1385 1346 1439 exponit

26 1444 228 1487 Daretem
261 1448 303 1486 et
333 1445 491 1500 Dictyn
524 1446 714 1500 sequitur
746 1445 901 1499 quippe
934 1459 1114 1499 quorum
1152 1444 1256 1484 fides
1290 1444 1347 1484 sit

27 1504 230 1545 maxima:
291 1519 575 1558 „quamquam
606 1504 685 1545 hos
717 1504 885 1544 libellos
918 1503 1090 1557 quidam
1122 1502 1344 1544 Romanus

28 1561 249 1604 Cornelius
290 1563 462 1604 nomine
505 1561 679 1603 Salustii
720 1562 867 1616 magni
907 1576 1039 1615 nepos
1079 1561 1125 1601 in
1165 1561 1346 1601 lat-inam

26 1621 258 1662 transferre
299 1621 526 1674 curaverit,
568 1623 714 1662 tamen
762 1620 860 1661 dum
907 1620 1123 1661 laboraret
1165 1620 1345 1660 nimium

27 1679 167 1721 brevis
206 1694 312 1732 esse,
355 1680 630 1734 particularia
666 1679 869 1720 historiae
900 1679 1034 1733 ipsius
1068 1693 1175 1733 quae
1206 1679 1346 1733 magis

26 1742 212 1793 possunt
249 1739 415 1780 allicere
448 1739 612 1780 animos
652 1738 893 1779 auditorum
943 1751 1044 1792 prae
1082 1738 1216 1778 nimia
1252 1737 1346 1778 bre—

27 1798 159 1839 vitate
191 1797 434 1839 indecenter
472 1797 651 1838 omisit.“
711 1797 933 1850 „Asseruit
970 1796 1084 1836 enim
1121 1796 1166 1836 in
1204 1795 1346 1837 codice

29 1857 95 1898 sui
134 1857 274 1911 operis
313 1870 467 1911 graeca
497 1856 645 1911 lingua
677 1856 914 1909 composito
948 1869 1096 1896 omnes
1128 1855 1224 1896 illos
1257 1854 1345 1895 suis

29 1915 162 1958 oculis
194 1915 453 1970 inspexisse“
486 1913 567 1969 (De
601 1915 738 1969 grecis
771 1913 1072 1955 inchoantibus
1105 1913 1212 1954 inire
1245 1927 1342 1955 con-

29 1974 125 2016 silia
162 1971 257 2029 etc.)
317 1973 384 2015 Ex
421 1973 487 2014 his
524 1974 664 2014 verbis
703 1971 872 2014 Daretis
911 1974 953 2013 ct
990 1971 1167 2026 Dictyos
1210 1973 1343 2013 libros

28 2033 223 2088 cognitos
260 2032 428 2073 habuit:
491 2031 563 2072 sed
602 2032 731 2073 etiam
769 2032 898 2072 alium
936 2031 1092 2072 librum
1125 2031 1345 2086 cognitum

26 2091 196 2145 habuit,
247 2092 291 2132 in
336 2105 418 2146 quo
463 2090 543 2132 hoc
588 2088 774 2132 Cornelii
823 2090 975 2131 vitium
1018 2090 1200 2131 vitatum
1245 2092 1346 2143 crat,

28 2150 189 2192 scilieet
201 2149 569 2205 Francogallicum
583 2148 873 2203 Benedictum,
902 2149 974 2204 qui
985 2149 1196 2203 copiosius
1217 2163 1346 2204 quam

29 2207 250 2251 Cornelius
282 2209 440 2250 bellum
460 2207 692 2250 Troianum
713 2208 938 2263 descripsit
956 2222 1092 2263 neque
1114 2207 1346 2263 quidquam

131 2336 156 2382 ¹)
183 2335 264 2372 Ger.
292 2337 319 2372 I.
346 2336 499 2371 Vossius
525 2336 549 2371 l.
569 2336 592 2370 1.
619 2348 654 2381 p.
682 2340 759 2370 491.
863 2336 890 2380 2)
916 2336 1067 2370 ibidem.
