1607 2536
192 140 216 180 (5
628 138 834 174 DARETIS
861 138 1061 174 PHRYGII

190 249 377 277 sororem
410 235 520 276 dono
553 234 715 288 datam,
747 234 931 289 graviter
956 235 1054 275 tulit
1079 238 1167 275 tam
1194 235 1498 276 contumeliose

187 294 418 349 Phrygiam
455 295 683 334 tractatam
720 306 810 333 esse
850 307 874 333 a
913 291 1054 345 Grais,
1098 293 1223 334 Ilium
1256 293 1364 346 petit
1401 307 1497 334 cum

188 366 316 393 uxore
342 351 519 392 Hecuba
551 353 592 392 et
622 350 766 392 liberis
792 349 975 392 Hectore
1001 350 1244 392 Alexandro
1271 350 1499 405 Deiphobo

187 410 352 451 Heleno
373 409 516 450 Troilo
539 409 841 450 Andromacha
867 408 1106 451 Cassandra
1125 408 1352 462 Polyxena.
1395 423 1496 450 nam

152 479 168 503 5
188 472 310 509 erant
341 468 379 508 ei
411 468 538 509 etiam
566 467 637 508 alii
669 467 745 508 filii
777 481 826 508 ex
859 467 1105 509 concubinis
1130 468 1238 520 nati,
1271 467 1343 508 sed
1370 481 1497 508 nemo

135 770 168 794 10

134 1062 167 1086 15

62 1354 166 1386 ,20

188 541 237 567 ex
270 526 386 580 regio
420 539 572 580 genere
604 525 710 566 dixit
738 539 829 567 esse
860 526 943 567 nisi
975 539 1046 567 eos
1079 526 1151 580 qui
1184 529 1325 567 essent
1357 526 1494 567 ex‘le-

188 585 349 640 gitimis
381 584 594 625 uxoribus.
655 583 850 625 Priamus
882 587 929 625 ut
960 584 1084 625 Ilium
1116 584 1249 638 venit⁷
1288 584 1495 638 ampliora-

187 643 355 685 moenia
387 642 587 696 extruxit,
619 642 833 684 civitatem
869 642 1199 683 munitissimam
1231 642 1422 683 reddidit.
1455 646 1498 683 et

187 701 370 742 militum
402 700 718 742 multitudinem
749 701 809 742 ibi
841 714 932 742 esse
963 701 1079 755 fecit,
1110 715 1163 742 110
1195 714 1270 754 per
1294 701 1509 755 ignoraw

187 761 292 801 tiam
331 759 658 814 opprimeretur,
695 759 755 800 ita
796 764 843 800 ut
873 758 1118 800 Laomedon
1150 762 1270 813 pater
1301 759 1390 799 eius
1423 773 1496 812 op-

186 832 357 872 pressus
399 821 474 859 est.
532 817 694 872 regiam
736 831 902 872 quoque
942 817 1177 858 aedificavit
1207 820 1250 858 et
1280 817 1340 858 ibi
1378 831 1494 858 aram
1545 826 1548 828 ’

186 877 278 918 Iovi
311 878 579 930 statuamque
611 876 883 917 consecravit.
936 875 1164 917 Hectorem
1195 876 1239 916 in
1263 874 1495 917 Paeoniam

186 935 320 988 misit,
358 934 437 975 Ilio
476 937 622 988 portas
659 934 776 988 fecit,
815 949 993 988 quarum
1031 934 1206 975 nomina
1238 937 1338 976 sunt
1371 933 1496 975 haec:

186 993 434 1034 Antenorea
469 992 688 1034 Dardania
724 993 805 1033 Ilia
843 991 973 1034 Scaea
1011 992 1278 1047 Thymbraea
1309 992 1495 1034 Troiana

188 1055 229 1092 et
260 1054 489 1105 postquam
520 1051 646 1092 Ilium
680 1051 917 1092 stabilitum
947 1051 1070 1104 vidit,
1101 1054 1270 1105 tempus
1302 1054 1497 1105 expecta—

185 1110 257 1151 vit.
319 1112 367 1150 ut
396 1109 534 1150 visum
567 1112 632 1150 est
663 1109 700 1149 ei
731 1109 908 1150 iniurias
940 1109 1073 1163 patris
1109 1109 1272 1164 ulcisci,
1302 1108 1497 1150 Anteno-

185 1182 275 1209 rem
301 1168 442 1209 voeari
474 1168 592 1208 iubet
623 1167 806 1222 dicitque
838 1168 876 1209 ei
907 1168 1013 1209 velle
1041 1181 1083 1209 se
1108 1181 1199 1210 eum
1230 1168 1418 1223 legatum
1448 1168 1494 1208 in

186 1225 405 1267 Graeciam
430 1226 617 1267 mittere:
651 1239 800 1280 graves
827 1226 908 1267 sibi
927 1226 1103 1267 iniurias
1129 1226 1182 1267 ab
1207 1226 1274 1267 his
1301 1226 1373 1280 qui
1399 1240 1497 1267 cum

186 1285 371 1326 exercitu
408 1287 613 1325 venerant
642 1285 778 1326 factas
818 1284 863 1325 in
894 1284 1196 1326 Laomedontis
1227 1285 1361 1338 patris
1392 1298 1495 1325 nece

187 1346 229 1384 et
254 1342 507 1384 abductione
533 1342 765 1384 Hesionae:
793 1357 900 1397 quae
933 1343 1076 1384 omnia
1106 1346 1251 1384 tamen
1283 1357 1417 1410 aequo
1450 1356 1494 1383 se

186 1402 329 1443 animo
361 1415 604 1455 passurum,
637 1401 672 1442 si
703 1400 895 1442 Hesiona
926 1401 964 1443 ei
995 1401 1205 1443 reddatur.

301 1459 353 1501 V.
403 1460 614 1514 Antenor,
641 1462 689 1501 ut
719 1459 915 1501 Priamus
947 1459 1191 1513 imperavit,
1221 1459 1366 1500 navim
1395 1473 1496 1501 con—

185 1518 346 1560 scendit
366 1522 408 1559 et
426 1518 640 1572 profectus
659 1519 776 1560 venit
793 1518 1060 1573 Magnesiam
1081 1518 1133 1559 ad
1152 1517 1343 1559 Peleum:
1368 1532 1492 1573 quem

281 1685 297 1714 1
326 1691 394 1715 sor.
422 1691 526 1715 suam
553 1680 586 1714 G
684 1684 702 1714 2
730 1691 752 1714 a
777 1680 894 1725 grecis
921 1690 999 1715 esse
1026 1680 1059 1714 G
1144 1684 1163 1715 3
1190 1679 1355 1715 heccuba
1375 1679 1426 1722 G,
1455 1683 1494 1713 nt

182 1728 256 1770 fere
280 1737 415 1771 semper
447 1730 449 1769 Ι
482 1726 688 1771 deiphoebo
717 1727 765 1761 M
812 1726 994 1770 deiphebo
1027 1725 1061 1761 G
1091 1730 1132 1761 ut
1156 1728 1368 1771 plerumque
1470 1731 1495 1760 4

183 1784 242 1809 cas
229 1773 363 1809 andra
389 1773 421 1809 G
444 1777 447 1817 Ι
470 1773 644 1826 polixena
664 1774 713 1807 M
807 1777 827 1808 5
854 1773 888 1807 ei
913 1783 978 1808 om.
1007 1773 1056 1807 M
1076 1775 1079 1815 1
1103 1773 1167 1808 sed
1192 1784 1254 1808 eos
1275 1772 1308 1808 G
1356 1783 1418 1807 eos
1445 1773 1494 1807 M

184 1825 203 1856 6
230 1820 337 1855 duxit
360 1820 396 1854 B
419 1821 423 1867 l
446 1820 516 1855 nisi
541 1831 603 1855 eos
631 1830 696 1855 om.
725 1819 758 1855 G
856 1824 874 1854 7
900 1819 1051 1854 minime
1070 1830 1212 1855 moram
1236 1819 1326 1854 fecit
1351 1820 1434 1854 add.
1459 1819 1494 1854 G

174 1871 261 1912 post
287 1867 389 1902 uenit
485 1871 505 1902 8
532 1867 715 1902 exstruxit
734 1869 771 1902 et
791 1867 840 1901 M
850 1868 864 1919 ,Ι
887 1866 1033 1901 addidit
1053 1867 1103 1900 M
1196 1871 1216 1902 9
1236 1866 1341 1901 mult.
1361 1866 1437 1901 mil.
1459 1866 1494 1901 G

185 1919 227 1949 10
254 1914 551 1959 opprimerentur
578 1913 611 1948 G
709 1917 750 1948 1⁶2
783 1913 860 1949 ioui
892 1912 1023 1948 statori
1055 1923 1158 1947 aram
1185 1924 1283 1948 cons.
1316 1912 1349 1948 G
1372 1914 1376 1956 Ι
1397 1913 1495 1948 iouis

183 1961 234 1995 ΙῑΙ
258 1963 263 2005 1
291 1961 489 1995 Hectorem
521 1971 587 1995 om.
616 1961 665 1995 M
687 1961 747 1996 sed
779 1964 828 1995 est
857 1961 990 1995 lacuna
1019 1962 1023 2003 1
1050 1959 1223 2005 poeniam
1256 1960 1290 1995 G
1343 1959 1492 2004 poemia

183 2008 233 2041 M
329 2011 370 2042 13
403 2008 494 2042 haec
521 2020 547 2042 s.
574 2019 670 2042 nom.
705 2007 738 2042 G
835 2011 878 2042 14
910 2006 1146 2041 antenoridas
1179 2007 1229 2041 M
1275 2006 1494 2041 antenoride

183 2054 215 2088 G
246 2056 249 2097 ξ
279 2053 502 2088 dardanidas
545 2055 594 2088 M
652 2054 878 2089 dardanidae
916 2053 949 2088 G
1010 2053 1189 2088 dardania
1226 2053 1294 2097 F}
1323 2063 1407 2088 scea
1445 2053 1494 2087 M

182 2111 242 2135 sce
269 2100 302 2135 G
331 2102 334 2143 l
362 2100 515 2135 timbria
544 2101 593 2134 M
639 2101 802 2145 tymbria
831 2101 865 2135 G
912 2100 1072 2135 timbrea
1096 2100 1136 2134 F
1231 2105 1272 2135 15
1294 2100 1357 2145 et]
1391 2099 1491 2134 deni-

183 2158 253 2191 que
281 2147 314 2182 G
413 2151 454 2182 16
481 2149 557 2191 pat.
583 2147 646 2181 ini.
674 2147 708 2182 G
806 2151 847 2181 17
874 2158 957 2181 eum
983 2157 1049 2181 om.
1077 2147 1163 2181 libri
1182 2148 1266 2182 add.
1287 2147 1494 2181 Mercerius

184 2198 226 2229 18
253 2196 294 2228 ut
320 2204 402 2228 cum
431 2194 478 2228 M
485 2193 518 2228 G
538 2194 622 2229 add.
643 2197 726 2229 ante
751 2204 895 2239 graves,
921 2194 1051 2228 ibidem
1078 2193 1161 2227 (cdd.
1182 2195 1225 2227 ut
1243 2196 1492 2237 conqueratur

182 2241 263 2275 edit.
293 2240 411 2275 Venet.
435 2245 523 2275 1499
619 2245 660 2276 19
680 2240 799 2275 factas
818 2240 856 2274 in
869 2250 934 2275 om.
951 2239 983 2275 G
1075 2243 1118 2274 20
1141 2239 1344 2275 Hessionae
1363 2241 1402 2274 et
1416 2239 1464 2274 M
1483 2240 1486 2284 Ι

179 2287 364 2322 Hesionae
401 2288 512 2333 quae]
549 2287 684 2322 sororis
723 2287 939 2331 pertulisset
967 2285 999 2320 G
1032 2287 1034 2327 ἱ
1065 2290 1191 2321 tamen
1224 2297 1290 2322 om.
1322 2287 1371 2321 M
1404 2286 1488 2321 add.

174 2338 260 2378 post
287 2334 320 2368 ei
417 2338 457 2368 21
487 2334 702 2369 redderetur
729 2334 761 2368 G
858 2338 900 2368 23
928 2333 1131 2367 manesiam
1158 2333 1215 2368 M.
