1607 2536
339 110 402 144 DE
429 109 624 145 EXCIDIO
652 108 832 145 TROIAE
863 110 1103 146 HISTORIA.
1321 112 1375 152 2¹.)

70 222 157 249 non
195 207 345 248 debere
384 205 429 246 in
466 218 657 260 pugnam
695 206 939 259 procedere:
978 209 1019 247 et
1057 221 1151 247 cum
1191 207 1244 247 ad
1282 221 1378 248 eum

68 267 206 307 visum
248 264 443 318 referret,
480 263 640 306 Hector
671 265 895 306 muliebria
926 265 1055 306 verba
1087 265 1227 307 abicit.
1290 266 1375 306 An-

68 324 298 366 dromacha
335 325 498 364 maesta
535 323 653 365 misit
690 323 742 364 ad
779 323 1014 377 Priamum,
1056 327 1104 365 ut
1135 324 1204 365 ille
1236 324 1377 378 prohi-

70 383 207 437 beret,
250 396 303 424 ne
347 396 396 422 ea
439 381 505 423 die
548 385 771 437 pugnaret.
848 382 1043 423 Priamus
1088 382 1378 424 Alexandrum

68 441 280 483 Helenum
331 440 522 482 Troilum
578 443 619 482 et
668 440 846 482 Aenean
901 442 946 482 in
1000 455 1190 496 pugnam
1250 442 1377 483 misit.
1398 454 1413 475 s,

69 500 230 542 Hector
277 502 326 540 ut
380 499 463 540 ista
513 499 691 553 audivit,
747 501 882 541 multa
937 500 1161 554 increpans
1213 500 1377 542 Andro-

70 559 267 600 macham
318 572 436 599 arma
485 561 534 599 ut
581 559 792 613 proferret
840 559 1036 613 poposcit
1079 574 1155 600 nec
1205 559 1379 601 retineri

0 655 1 658 ,
68 618 155 659 ullo
197 616 324 659 modo
367 617 519 671 potuit.
589 621 753 659 maesta
796 617 1097 659 Andromacha
1141 619 1378 659 summissis

67 676 234 731 capillis
278 675 585 730 Astyanactem
628 676 762 717 filium
806 676 1064 731 protendens
1107 679 1206 717 ante
1251 677 1376 730 pedes

67 734 266 776 Hectoris
310 748 406 775 eum
449 749 644 776 revocare
688 750 776 777 non
827 735 978 790 potuit.
1051 738 1153 776 tunc
1203 736 1377 789 planctu
1401 748 1431 770 ι’)

67 793 252 835 femineo
291 793 493 847 oppidum
532 794 737 848 concitat,
781 794 834 835 ad
872 793 1090 835 Priamum
1134 794 1179 834 in
1216 794 1377 849 regiam

67 853 215 906 currit,
253 851 382 893 refert
413 866 521 907 quae
553 852 598 893 in
630 853 791 894 somnis
829 852 981 894 viderit
1012 853 1118 894 velle
1150 851 1376 894 Hectorem

67 911 204 953 ueloci
242 911 353 953 saltu
399 911 444 952 in
481 924 671 966 pugnam
713 912 791 965 ire,
834 912 1106 966 proiectoque
1144 911 1197 952 ad
1240 925 1379 966 genua

67 969 330 1024 Astyanacte
361 969 448 1011 filio
482 984 557 1012 suo
591 984 687 1011 eum
712 984 909 1012 revocare
936 970 1122 1011 mandat.
1183 969 1378 1011 Priamus

69 1042 217 1070 omnes
249 1028 294 1070 in
323 1041 515 1083 pugnam
547 1029 715 1083 prodire
747 1029 888 1082 iussit,
927 1028 1154 1070 Hectorem
1191 1029 1377 1070 retinuit.
1402 1039 1431 1062 17»

65 1086 367 1142 Agamemnon
404 1086 593 1128 Achilles
632 1086 860 1129 Diomedes
898 1087 1009 1129 Aiax
1051 1086 1210 1129 Locrus
1243 1091 1289 1128 ut
1322 1088 1378 1128 vi-

65 1145 221 1187 derunt
250 1144 479 1187 Hectorem
510 1146 555 1187 in
585 1159 731 1201 pugna
761 1160 849 1188 non
880 1160 989 1199 esse,
1022 1147 1179 1188 acriter
1217 1160 1377 1202 pugna-

66 1208 221 1246 verunt
256 1205 498 1259 multosque
536 1205 662 1246 duces
701 1205 751 1246 de
783 1204 1064 1247 Troianorum
1103 1219 1280 1247 numero
1313 1219 1379 1247 oc-

68 1263 272 1304 ciderunt.
339 1262 499 1305 Hector
536 1266 583 1304 ut
620 1263 782 1305 audivit
820 1265 1052 1306 tumultum
1088 1264 1378 1319 Troianosque

66 1321 113 1363 in
150 1322 262 1363 bello
307 1336 428 1363 saeve
467 1322 679 1376 laborare,
717 1323 914 1377 prosiluit
951 1323 996 1364 in
1032 1337 1233 1379 pugnam.
1296 1327 1378 1364 sta·
1400 1334 1432 1356 20

66 1380 230 1435 timque
283 1379 560 1422 Idomeneum
611 1381 897 1435 obtruncavit,
941 1382 1175 1436 Iphinoum
1221 1381 1379 1423 saucia-

67 1439 147 1491 vit,
193 1438 428 1481 Leonteum
472 1439 642 1493 occidit,
686 1438 878 1482 Stheneli
914 1440 1051 1482 femur
1095 1441 1231 1482 iaculo
1276 1440 1378 1495 figit.

472 1535 518 1558 201¹

163 1571 182 1600 2
216 1566 359 1612 hector]
387 1567 478 1602 haec
516 1567 550 1601 L
577 1569 581 1611 1
610 1567 872 1612 abicit].dicit
910 1578 989 1603 esse
1021 1568 1055 1603 G
1166 1572 1186 1603 3
1225 1568 1288 1603 ille
1335 1568 1383 1602 M

67 1613 125 1648 illi
150 1613 225 1648 LG
276 1613 383 1648 illum
409 1613 449 1648 F
494 1614 691 1649 Hectorem
725 1614 759 1648 V
784 1616 788 1658 Ι
816 1614 1015 1659 prohibeat
1042 1615 1119 1650 LG
1167 1615 1381 1660 prohiberet

67 1659 108 1694 F
121 1659 154 1694 V
253 1664 275 1695 4
294 1660 366 1696 hel.
382 1661 474 1695 alex.
491 1661 524 1695 G
611 1665 630 1696 5
651 1664 688 1696 et
707 1672 773 1696 om.
795 1661 839 1697 G.
863 1663 867 1706 Ι
890 1673 1124 1697 memnonem
1143 1663 1228 1697 add.
1249 1661 1282 1697 G
1297 1666 1379 1706 post

67 1708 219 1742 Aenean
242 1709 245 1751 Ι
268 1707 306 1742 in
331 1720 366 1753 p.
393 1707 511 1754 misit]
539 1708 706 1744 arcessiri
737 1708 852 1744 iubet.
903 1710 945 1744 ut
976 1709 1033 1744 illi
1058 1709 1097 1744 in
1128 1722 1164 1755 p.
1191 1709 1380 1754 prodirent

67 1753 103 1788 G
199 1758 220 1790 6
240 1754 395 1800 agnouit
420 1755 580 1790 multum
601 1755 634 1790 G
732 1760 751 1791 7
773 1758 815 1791 ut
834 1767 938 1791 arma
956 1756 1120 1801 proferet
1140 1756 1174 1791 G
1195 1758 1200 1800 Ι
1222 1756 1380 1791 retinere

68 1799 146 1836 LG
193 1801 344 1836 retineri
378 1802 426 1836 M
521 1806 541 1838 8
574 1802 723 1838 ulmodo
756 1803 790 1839 G
811 1806 822 1846 ’ἶ
852 1803 1192 1848 maesta-potuit
1225 1813 1290 1837 om..
1318 1803 1376 1845 L>

67 1847 284 1930 ειιῑηιθῃίεεᾶῗί
313 1848 480 1930 (gtpilliizl
498 1859 564 1884 om.
588 1849 644 1931 'gs
691 1899 703 1941 ]
748 1850 1050 1932 9bastignacte11n
1083 1849 1122 1931 Gf
1162 1898 1178 1931 t
1222 1854 1381 1941 1οᾶθὲιῖ

67 1905 135 1930 om.
210 1905 233 1929 a
287 1922 294 1929 .
508 1907 528 1931 o
586 1908 597 1930 1
627 1908 686 1931 um
724 1909 768 1931 ur
796 1907 854 1932 em
1024 1909 1041 1931 1..
1064 1907 1102 1932 rc
1121 1908 1159 1931 er
1197 1907 1269 1941 quo

69 1941 214 1976 uideret
238 1941 273 1975 L
327 1941 475 1977 uiderat
506 1908 603 1978 etmG
631 1945 634 1986 l
664 1943 761 1978 uelle
793 1944 831 1978 in
863 1954 1029 1988 pugnam
1047 1965 1085 1969 —
1103 1954 1228 1979 omnes
1254 1954 1320 1978 om.
1349 1944 1379 1978 G

70 1991 114 2023 13
146 1988 257 2024 ienua.
282 1988 316 2023 L
414 1994 456 2024 14
489 1989 681 2025 adstantes
713 1990 747 2024 L
845 1995 887 2025 15
919 1991 958 2025 in
990 2003 1024 2036 p.
1052 2001 1178 2026 omnes
1206 1990 1238 2024 L
1267 1993 1271 2034 Ι
1300 2002 1381 2036 pro-

68 2034 165 2081 dire]
198 2035 365 2071 reuocari
402 2035 436 2070 L
467 2037 471 2079 1
503 2036 654 2072 retineri
692 2036 725 2073 G
825 2041 866 2073 16
905 2037 1092 2073 diomedes
1126 2037 1280 2073 achilles
1319 2037 1378 2082 G!

67 2081 204 2118 locrius
218 2081 252 2116 L
326 2087 368 2118 17
384 2082 559 2129 inpugna
572 2094 638 2119 om.
654 2083 687 2119 G
709 2086 713 2128 Ι
736 2085 831 2130 esse]
845 2084 992 2129 prodire
1008 2084 1041 2119 G
1093 2089 1134 2120 18
1151 2084 1379 2129 occiderunt]

68 2128 336 2165 interfecerunt
367 2129 400 2165 G
506 2134 547 2165 19
580 2131 798 2178 tumultum]
827 2131 1011 2166 ululatum
1048 2131 1081 2166 G
1110 2134 1113 2174 1
1144 2131 1381 2175 troianosqne

67 2185 136 2210 om.
163 2175 196 2212 G
292 2180 337 2211 20
363 2177 441 2212 seui
467 2176 501 2211 L
531 2179 569 2213 et
595 2189 680 2213 seue
707 2178 740 2214 G
768 2178 773 2225 1
801 2179 966 2214 troianos
1001 2179 1085 2214 aclsl.
1113 2179 1145 2214 G
1172 2182 1255 2213 ante
1281 2178 1381 2213 labo-

70 2232 152 2257 rare
175 2222 180 2268 Ι
201 2223 376 2269 pugnaL
466 2228 508 2259 21
530 2224 767 2261 idumeneum
786 2226 860 2260 LG
883 2227 886 2269 Ι
910 2225 1311 2260 obtruncat-sauciat
1325 2226 1377 2269 G}

70 2268 253 2313 iphiclum
277 2270 312 2304 L
359 2270 550 2316 yphiclum
570 2271 604 2308 G
647 2273 843 2318 Iphinoum
871 2273 1072 2307 Mereerius
1164 2276 1206 2307 22
1229 2272 1381 2307 stenelei

70 2315 104 2350 G
153 2316 358 2352 steneleum
383 2318 418 2352 L
439 2320 443 2361 Ι
466 2318 512 2353 ia.
533 2319 578 2354 fe.
600 2318 675 2354 LG
724 2319 748 2354 f.
769 2319 791 2354 i.
814 2319 853 2354 F
873 2323 876 2363 1
901 2330 1009 2363 quem
1033 2319 1116 2354 add.
1139 2320 1170 2354 G
1188 2323 1269 2364 post
1290 2319 1380 2363 figit.
