1607 2536
219 233 484 282 Cornelius
519 234 689 298 Nepos
727 231 968 280 Sallustio
1007 231 1189 297 Crispo

531 328 621 360 suo
658 310 881 360 salutem.

167 402 273 444 Cum
305 404 440 444 multa
471 417 552 458 ago
585 402 770 443 Athenis
802 402 982 456 curiose,
1015 402 1158 443 inveni
1189 402 1360 444 histori-

48 476 115 502 am
148 460 318 503 Daretis
350 461 527 517 Phrygii
558 461 691 516 ipsius
717 475 847 502 manu
880 461 1100 515 scriptam,
1133 465 1179 502 ut
1209 462 1360 503 titulus

46 520 222 574 indicat,
254 534 380 574 quam
407 520 457 561 de
482 519 654 562 Graecis
687 522 729 560 et
748 519 944 561 Troianis
977 520 1206 562 memoriae
1239 535 1359 561 man-

47 578 172 620 davit.
223 593 351 633 quam
384 592 462 634 ego
502 592 667 620 summo
701 592 844 620 amore
883 578 1113 631 conplexus
1155 579 1359 620 continuo

45 637 256 678 transtuli.
308 637 375 678 cui
403 637 512 678 nihil
544 637 811 678 adiciendum
840 637 907 678 vel
939 636 1259 678 diminuendum
1299 638 1359 678 rei
1380 653 1395 678 5

45 695 335 736 reformandae
355 710 483 737 causa
513 696 677 750 putavi,
710 695 900 750 alioquin
923 709 1019 736 mea
1043 699 1190 749 posset
1214 696 1359 738 videri.

46 754 253 808 optimum
279 768 380 809 ergo
407 754 506 796 duxi
532 755 592 796 ita
617 758 665 796 ut
690 753 772 795 fuit
795 768 891 795 vere
921 757 964 795 et
991 754 1239 808 simpliciter
1266 769 1359 808 per-

46 812 220 867 scripta,
255 812 314 854 sic
349 827 443 854 eam
479 813 531 854 ad
562 813 738 854 verbum
772 813 818 854 in
855 812 1115 853 latinitatem
1145 815 1358 854 transver—

43 874 149 925 tere,
196 874 243 912 ut
280 871 470 926 legentes
513 885 767 927 cognoscere
806 873 1000 925 possent,
1041 871 1252 926 quomodo
1291 886 1357 913 res

45 932 189 983 gestae
227 932 386 971 essent:
431 933 575 971 utrum
613 944 759 971 verum
796 930 935 984 magis
974 943 1065 970 esse
1103 930 1360 986 existimem,
1380 947 1413 972 ιο

45 988 157 1043 quod
177 987 312 1030 Dares
333 988 545 1044 Phrygius
571 988 800 1030 memoriae
827 988 1158 1042 commendavit,
1186 989 1258 1043 qui
1283 1003 1359 1042 per

43 1046 86 1087 id
111 1047 252 1101 ipsum
277 1050 446 1101 tempus
472 1047 578 1088 vixit
604 1050 647 1088 et
670 1047 888 1101 militavit,
914 1060 1007 1089 cum
1034 1046 1185 1088 Graeci
1211 1047 1357 1088 Troia—

43 1119 122 1147 nos
149 1105 465 1160 obpugnarent,
498 1119 607 1147 anne
633 1104 823 1147 Homero
849 1105 1123 1160 credendum,
1158 1106 1230 1160 qui
1258 1109 1359 1160 post

43 1164 200 1206 multos
221 1178 356 1206 annos
375 1167 503 1205 natus
530 1167 611 1218 est,
639 1179 765 1219 quam
791 1164 950 1206 bellum
976 1164 1057 1206 hoe
1085 1166 1254 1219 gestum
1281 1167 1356 1206 est.

43 1222 93 1263 de
120 1237 204 1277 qua
222 1236 267 1264 re
287 1223 470 1264 Athenis
490 1223 693 1264 iudicium
712 1223 810 1277 fuit,
836 1237 932 1264 cum
951 1236 1029 1277 pro
1054 1223 1207 1265 insano
1227 1223 1355 1264 habe·
1378 1238 1411 1264 15

43 1283 176 1334 retur,
197 1282 310 1336 quod
330 1281 430 1323 deos
451 1296 547 1323 cum
566 1281 812 1323 hominibus
832 1280 1106 1336 belligerasse
1128 1282 1355 1336 scripserit.

43 1339 115 1381 sed
146 1340 351 1382 hactenus
382 1340 487 1382 ista:
525 1354 638 1382 nunc
671 1340 723 1381 ad
754 1340 992 1394 pollicitum
1024 1343 1297 1382 revertamur.

135 1454 318 1490 INCIPIT
343 1454 601 1491 PROLOGUS
627 1454 834 1490 DARETIS
859 1454 1009 1490 FRIGII
1035 1454 1098 1489 ET
1124 1453 1355 1490 HISTORIA

41 1503 86 1536 de
112 1503 320 1537 uastatione
342 1502 474 1538 Troiae
493 1504 525 1536 A
551 1502 713 1537 cornelio
738 1504 874 1546 nepote
899 1502 937 1535 in
963 1502 1122 1536 latinum
1149 1513 1354 1537 sermonem

40 1549 223 1584 translata
249 1549 299 1583 M
320 1548 500 1584 INCIPIT
525 1548 783 1584 PROLOGUS
803 1547 1035 1583 CORNELII
1061 1549 1114 1583 IN
1138 1548 1352 1584 HISTORI-

40 1596 112 1630 AM
139 1595 343 1631 TROIANI
368 1595 510 1631 BELLI
538 1595 571 1630 G

136 1642 290 1677 salustio
318 1643 363 1678 M
373 1642 406 1678 G
456 1653 521 1678 suo
548 1653 613 1677 om.
642 1641 675 1677 G
698 1646 701 1686 Ι
725 1645 780 1677 sat
809 1642 858 1677 M

139 1693 154 1723 1
183 1689 279 1724 Dum
313 1702 360 1725 m.
387 1690 463 1725 ath.
497 1700 570 1724 cur.
607 1699 755 1735 agerem
783 1689 816 1724 G
913 1693 932 1723 2
970 1688 1072 1733 frigii
1104 1689 1191 1724 libri
1222 1689 1354 1733 ubique

41 1741 61 1771 3
88 1736 456 1780 quam÷mandauit
481 1746 546 1771 om.
575 1736 629 1770 M‘
719 1740 739 1771 5
766 1736 838 1780 oui]
866 1747 949 1770 cum
976 1735 1010 1770 G
1033 1738 1036 1778 Ι
1059 1736 1112 1770 rei
1137 1735 1355 1771 formandae

41 1793 152 1817 causa
188 1783 239 1818 M
290 1793 366 1819 esse
399 1783 626 1818 ordinandae
651 1782 705 1817 rei
731 1782 764 1818 G
823 1783 1080 1818 reformandae
1117 1782 1355 1822 Dederichus,

41 1834 60 1864 6
81 1829 226 1874 possint
244 1829 278 1865 G
368 1835 386 1865 7
407 1830 459 1875 et]
481 1832 524 1865 ut
538 1830 586 1865 M
607 1830 611 1874 Ι
635 1829 820 1875 scriptura
834 1829 867 1864 G
957 1833 978 1865 8
998 1830 1288 1864 transuerterem
1308 1829 1357 1864 M

38 1878 290 1912 transuertere
323 1876 363 1912 D
411 1879 557 1912 uertere
583 1876 617 1911 G
721 1880 763 1911 10
796 1878 920 1911 essent
945 1878 1073 1921 gestae
1100 1875 1133 1910 G
1156 1878 1159 1919 Ι
1183 1887 1216 1910 u.
1243 1887 1276 1910 v.
1303 1888 1353 1910 m.

41 1925 89 1966 (u.
109 1935 157 1958 m.
178 1935 211 1958 v.
231 1922 331 1967 DF)
357 1935 386 1959 e.
413 1934 467 1958 ex.
488 1933 554 1958 om.
577 1923 627 1958 M
673 1922 959 1958 existimandum
987 1922 1036 1957 sit
1067 1922 1102 1956 V
1123 1923 1207 1966 fort.
1228 1925 1353 1957 utrum

38 1969 159 2015 magis
178 1980 268 2004 uera
286 1970 534 2006 existimanda
553 1971 677 2005 essent
695 1979 791 2014 quae
884 1974 924 2004 11
947 1980 1040 2014 quas
1063 1969 1111 2004 M
1131 1971 1136 2013 l
1158 1969 1358 2004 mandauit

39 2016 238 2052 memoriae
259 2016 292 2051 G
378 2020 420 2052 12
443 2016 483 2051 id
501 2027 568 2052 om.
590 2017 639 2051 M
646 2016 679 2052 G
697 2017 801 2051 habet
820 2016 903 2050 AD
925 2018 929 2060 Ι
952 2019 990 2051 et
1008 2016 1189 2052 militauit
1207 2026 1273 2051 om.
1298 2015 1348 2059 G!

40 2063 127 2097 dum
161 2063 211 2099 M
263 2074 336 2108 quo
368 2063 403 2098 G
456 2073 521 2099 nos
552 2074 635 2098 eum
658 2066 662 2106 Ι
684 2062 895 2108 troianique
923 2065 1137 2109 pugnarent
1162 2063 1197 2098 G
1309 2067 1351 2097 13

38 2110 144 2145 Anne
165 2110 198 2145 G
224 2120 270 2145 an
290 2110 329 2145 D
376 2109 529 2157 Minime
553 2110 600 2145 M
620 2113 624 2154 Ι
647 2109 870 2145 credendum
896 2112 953 2145 est
978 2109 1011 2145 G
1109 2114 1153 2144 14
1179 2119 1351 2154 quam—

40 2158 96 2191 est
120 2166 186 2192 om.
214 2157 264 2192 M
291 2159 296 2200 1
323 2157 360 2192 h.
385 2157 420 2192 b.
447 2157 588 2192 factum
613 2160 670 2192 est
695 2157 880 2192 neminem
912 2157 1083 2191 dubitare
1112 2158 1287 2200 putamus
1321 2155 1355 2190 V

42 2207 84 2238 15
111 2203 156 2239 de
187 2213 263 2248 qua
292 2214 332 2239 re
362 2203 450 2239 DF
495 2203 662 2249 Denique
690 2204 740 2239 M
785 2203 834 2238 Et
867 2204 956 2247 quia
982 2203 1015 2239 (³
1037 2206 1042 2247 1
1064 2203 1242 2238 iudicium
1262 2202 1349 2248 suit]

40 2249 178 2295 iugiter
187 2215 281 2285 qfuit
305 2250 443 2286 mentio
471 2249 505 2285 V
524 2253 529 2294 l
550 2250 731 2286 Homerus
752 2251 836 2286 add.
857 2250 897 2285 Ι)
911 2254 995 2294 post
1014 2262 1098 2285 oum
1121 2253 1125 2293 ς
1147 2260 1264 2295 prope
1282 2260 1351 2294 pro

40 2307 177 2342 magno
204 2296 237 2331 G
338 2302 381 2332 16
412 2297 513 2332 bella
543 2297 701 2343 gessisse
726 2297 765 2332 D
793 2301 797 2340 Ι
826 2296 1044 2332 discriberet
1071 2297 1119 2331 M
1217 2300 1258 2331 17
1286 2296 1349 2331 sed

39 2353 104 2378 om.
127 2343 176 2377 M
197 2345 200 2386 Ι
223 2344 394 2379 aeternus
420 2343 452 2379 G
476 2346 480 2386 l
502 2344 557 2378 ita
585 2344 631 2378 M
639 2343 672 2380 G
720 2343 794 2379 ista
819 2343 863 2378 H
881 2343 885 2388 l
908 2346 1075 2379 reuertar
1101 2343 1144 2378 G.

111 2407 218 2434 Dnnns
239 2407 411 2434 Pnnroma.
1120 2406 1134 2435 1
