1607 2536
150 418 167 443 5

134 710 168 734 10

135 1000 167 1026 15

134 1294 168 1319 20

134 1585 169 1610 25

183 78 240 120 ’12
620 79 827 114 DARETIS
858 79 1059 115 PHRYGII

185 188 305 215 suam
332 172 518 214 Helenae
544 174 675 215 filiam
709 174 980 217 adduxerant.
1042 176 1170 231 Argis
1197 177 1373 219 Iunonis
1406 177 1493 219 dies

183 232 316 273 festus
349 235 440 273 erat
470 232 536 273 his
570 232 733 284 diebus,
771 233 923 287 quibus
955 233 1195 275 Alexander
1226 235 1270 276 in
1308 236 1492 276 insulam

186 289 437 344 Cytheream
481 291 613 344 venit,
656 291 729 331 ubi
769 291 915 332 fanum
959 291 1137 333 Veneris
1177 296 1285 335 erat:
1330 293 1493 335 Dianae

187 348 447 389 sacrificavit.
486 349 530 389 hi
552 349 623 403 qui
643 349 688 390 in
707 349 846 390 insula
866 353 1004 403 erant,
1031 351 1296 393 mirabantur
1316 352 1493 393 classem

187 407 365 461 regiam,
409 407 733 462 interrogabant
770 408 823 448 ab
861 408 962 461 illis,
1005 409 1076 463 qui
1113 423 1208 450 cum
1250 410 1491 451 Alexandro

188 467 406 518 venerant,
444 465 516 520 qui
554 468 713 519 essent,
751 466 852 520 quid
891 466 1116 508 venissent.
1183 468 1494 522 responderunt

187 523 248 563 illi
287 538 311 564 a
342 523 513 565 Priamo
551 537 649 578 rege
681 524 971 566 Alexandrum
1009 525 1209 580 legatum
1228 527 1406 568 missum
1443 527 1494 568 ad

188 575 408 622 Castorem
440 585 482 623 et
512 581 746 636 Pollucem,
778 586 826 624 ut
857 597 927 624 eos
961 584 1216 626 conveniret.

302 639 354 682 X.
414 640 474 681 At
498 640 662 681 Helena
694 655 792 682 velo
818 641 1001 682 Menelai
1027 657 1148 695 uxor,
1185 657 1280 684 cum
1311 643 1494 684 Alexan-

188 698 260 739 der
291 698 336 739 in
367 698 507 740 insula
535 697 744 753 Cytherea
775 703 900 753 esset,
935 701 1095 754 placuit
1126 701 1164 741 ei
1195 715 1244 742 eo
1276 701 1348 742 ire.
1411 716 1494 755 qua

187 757 237 797 de
264 771 389 798 causa
410 757 462 798 ad
489 758 589 798 litus
615 758 832 811 processit.
878 758 1081 812 oppidum
1102 758 1154 800 ad
1184 774 1299 801 mare
1327 762 1392 800 est
1410 759 1493 800 He·
1555 763 1558 765 ’

186 815 295 867 laea,
339 815 412 856 ubi
448 814 613 856 Dianae
651 819 693 857 et
729 816 942 870 Apollinis
980 817 1128 858 fanum
1166 820 1240 859 est.
1306 818 1366 859 ibi
1405 832 1494 858 rem

186 873 372 914 divinam
402 873 566 915 Helena
591 874 727 916 facere
753 875 1030 929 disposuerat.
1075 876 1186 931 quod
1211 876 1284 917 ubi
1309 876 1492 917 Alexan-

187 932 261 972 dro
288 932 531 973 nuntiatum
558 935 624 974 est
641 932 849 974 Helenam
876 933 928 975 ad
953 948 1068 975 mare
1093 934 1275 988 venisse,
1303 934 1495 976 conscius

186 990 347 1032 formae
374 1005 472 1031 suae
498 991 543 1032 in
563 995 792 1046 conspectu
812 992 901 1033 eius
922 992 1137 1034 ambulare
1164 993 1303 1047 coepit
1322 993 1494 1046 cupiens

187 1062 281 1090 eam
295 1049 446 1090 videre.
484 1049 672 1090 Helenae
686 1050 930 1092 nuntiatum
951 1054 1014 1091 est
1033 1050 1321 1092 Alexandrum
1336 1051 1495 1092 Priami

187 1107 300 1162 regis
344 1107 477 1149 filium
521 1108 574 1149 ad
617 1108 821 1150 Helaeam
866 1109 1085 1162 oppidum,
1134 1110 1208 1150 ubi
1256 1110 1350 1164 ipsa
1393 1113 1496 1161 erat,

186 1166 363 1207 venisse.
432 1180 557 1221 quem
589 1167 717 1208 etiam
755 1167 848 1221 ipsa
880 1167 1019 1208 videre
1051 1167 1258 1221 cupiebat.
1327 1171 1369 1209 et
1400 1182 1495 1209 cum

189 1238 232 1265 se
258 1225 425 1279 utrique
453 1225 755 1278 respexissent,
787 1225 913 1267 ambo
938 1225 1076 1266 forma
1102 1240 1178 1268 sua
1202 1226 1365 1267 incensi
1390 1229 1495 1266 tem-

187 1298 266 1336 pus
305 1282 526 1337 dederunt,
564 1287 612 1324 ut
643 1284 824 1339 gratiam
857 1284 1074 1326 referrent.
1135 1284 1376 1326 Alexander
1418 1285 1495 1324 im-

187 1343 325 1395 perat,
350 1345 398 1382 ut
423 1355 570 1383 omnes
596 1342 642 1383 in
667 1343 847 1384 navibus
875 1343 960 1384 sint
985 1343 1140 1397 parati,
1171 1347 1295 1385 nocte
1319 1341 1494 1384 classem

189 1400 367 1453 solvant,
388 1400 437 1441 de
457 1400 558 1442 fano
573 1400 782 1442 Helenam
797 1401 996 1455 eripiant,
1020 1415 1160 1443 secum
1182 1416 1275 1443 eam
1290 1401 1495 1443 auferant.

189 1457 312 1512 signo
345 1458 444 1500 dato
482 1459 629 1500 fanum
660 1460 926 1513 invaserunt,
957 1459 1166 1501 Helenam
1197 1474 1286 1502 non
1316 1459 1495 1501 invitam

189 1517 391 1570 eripiunt,
429 1517 474 1558 in
504 1518 648 1563 navim
687 1518 881 1560 deferunt
912 1521 955 1559 et
985 1533 1080 1560 cum
1113 1532 1162 1559 ea
1193 1519 1389 1560 mulieres
1422 1518 1495 1559 ali-

190 1589 294 1629 quas
339 1576 660 1630 depraedantur.
735 1577 846 1632 quod
884 1591 978 1618 cum
1022 1576 1230 1618 Helenam
1275 1577 1496 1630 abreptam

189 1633 392 1687 oppidani
422 1634 646 1688 vidissent,
678 1635 749 1676 diu
780 1638 1078 1690 pugnaverunt
1109 1649 1204 1677 cum
1239 1635 1494 1681 Alexandro,

188 1705 240 1732 ne
283 1691 492 1733 Helenam
530 1693 690 1747 eripere
727 1697 889 1747 posset:
935 1707 1039 1748 quos
1079 1693 1320 1734 Alexander
1362 1693 1494 1733 fretus

188 1750 398 1791 sociorum
424 1751 695 1792 multitudine
720 1751 951 1805 superavit,
977 1751 1124 1792 fanum
1150 1751 1395 1806 expoliavit,
1421 1751 1495 1792 ho-

286 1905 303 1934 1
331 1900 448 1935 filiam
467 1911 532 1936 om.
555 1901 604 1935 M
610 1901 643 1936 G
661 1902 765 1937 habet
790 1902 825 1936 A
849 1904 852 1946 Ι
875 1901 1107 1936 adduxerunt
1127 1902 1176 1936 M
1184 1901 1217 1936 G
1266 1901 1496 1935 adduxerant

188 1947 225 1981 A
275 1947 500 1983 adducentes
521 1948 556 1983 R
578 1949 583 1993 Ι
605 1949 771 1994 Iunonis]
799 1949 833 1984 io
860 1959 977 1983 nonus
1006 1949 1053 1982 M
1148 1952 1167 1983 2
1194 1948 1234 1982 in
1259 1958 1323 1983 om.
1344 1947 1379 1981 L
1475 1951 1494 1980 3

189 1993 316 2038 ibique
347 1994 393 2027 H
483 1999 505 2029 4
535 1995 575 2029 in
600 2005 664 2029 om.
693 1995 726 2031 G
823 2000 843 2029 5
875 1995 1017 2040 regiam
1053 2005 1118 2030 om.
1144 1995 1178 2029 L
1274 1999 1294 2030 6
1320 1994 1381 2029 uel
1406 1992 1496 2038 quid

189 2039 225 2074 R
275 2039 339 2084 qui
360 2040 393 2075 G
489 2046 509 2077 9
535 2041 588 2076 At
607 2052 694 2077 uero
714 2042 786 2076 hel.
808 2042 842 2077 G
939 2046 981 2076 10
1007 2042 1118 2088 esset]
1140 2042 1303 2077 uenisset
1322 2040 1356 2076 G
1453 2044 1494 2091 11

191 2087 370 2131 oppidum
391 2108 433 2112 ——
455 2087 595 2123 Helaea
633 2098 697 2123 om.
740 2088 773 2123 G
802 2091 804 2131 Ι
834 2088 988 2133 Helaea]
1024 2088 1158 2123 helena
1195 2088 1228 2122 L
1349 2091 1391 2122 12
1423 2086 1497 2121 Ubi

190 2133 322 2168 dianae
347 2134 383 2168 Β
432 2134 487 2169 ibi
512 2134 546 2169 d.
572 2134 648 2169 LG
747 2139 787 2170 13
815 2135 1029 2169 decreuerat
1055 2134 1088 2169 G
1186 2139 1228 2169 15
1254 2133 1347 2178 eius]
1376 2144 1441 2168 suo
1463 2132 1496 2167 G

194 2184 235 2214 17
262 2180 408 2215 heleam
433 2181 467 2215 L
515 2181 687 2217 helenam
720 2181 778 2224 G¹
776 2184 778 2204 ¹
802 2181 865 2216 ubi
891 2181 973 2226 ipsa
998 2181 1034 2215 R
1061 2193 1094 2216 u.
1121 2181 1254 2216 helena
1279 2180 1354 2215 LG
1452 2184 1494 2214 19

191 2227 466 2271 conspexissent
498 2227 531 2263 G
628 2232 670 2263 22
703 2206 883 2263 Helenam
908 2239 974 2262 om.
1001 2227 1034 2263 G
1135 2232 1180 2262 ‘25
1207 2227 1305 2271 quod
1337 2225 1465 2260 ubi‘*
1433 2243 1491 2260 cr*

191 2275 376 2317 arreptam
402 2274 436 2308 L
532 2279 576 2310 27
602 2286 647 2309 ne
663 2277 845 2320 -posset
872 2286 901 2309 n
907 2275 991 2309 alim
1018 2285 1180 2319 erpungye
1176 2285 1236 2315 ν,ε
1261 2273 1379 2318 poss14
1404 2272 1447 2307 L.
