1607 2536
271 68 326 108 46
707 67 914 103 DARETIS
940 67 1141 102 PHRYGII

269 162 465 204 Priamus
510 177 666 218 magno
706 164 847 205 animo
892 164 1045 217 surgit,
1088 164 1245 218 ingerit
1288 165 1423 205 multa
1459 168 1578 208 mala

270 221 479 262 Antenori
523 226 566 263 et
602 222 783 263 Aeneae.
854 236 926 263 eos
966 222 1066 262 belli
1107 223 1334 276 appetendi
1377 227 1573 266 auctores

269 280 416 334 fuisse,
442 283 490 320 ut
514 280 644 335 legati
669 281 714 321 in
744 280 964 322 Graeciam
991 280 1276 334 mitterentur,
1307 281 1572 325 Antenorem

271 338 439 392 quidem
472 338 686 393 obiurgat,
719 339 817 394 quia
836 353 982 393 pacem
1009 339 1200 392 suadeat,
1232 353 1327 380 cum
1353 340 1442 393 ipse
1469 355 1570 395 quo-

234 411 249 434 5
270 410 350 450 que
390 397 555 451 legatus
609 398 704 438 ierit
747 400 789 438 et
831 397 1138 438 renuntiaverit
1181 411 1224 439 se
1269 399 1572 441 contumeliose

216 705 248 729 10

215 997 247 1021 15

213 1290 247 1315 20

268 458 498 496 tractatum
518 469 609 497 esse
630 460 672 497 et
690 456 780 510 ipse
801 456 957 497 bellum
979 456 1175 509 suaserit,
1205 456 1354 497 deinde
1380 457 1571 499 Aeneam

270 514 341 567 qui
382 528 477 554 cum
517 513 761 556 Alexandro
797 514 1007 556 Helenam
1039 518 1081 556 et
1116 515 1317 568 praedam
1353 515 1571 570 eripuerit:

269 574 527 626 quapropter
546 576 706 614 certum
728 573 809 614 sibi
828 587 920 614 esse
941 587 1088 628 pacem
1108 587 1196 614 non
1219 573 1321 615 fieri.
1370 574 1571 628 imperat-

269 645 367 685 que,
398 631 461 671 uti
494 645 640 673 omnes
681 632 819 686 parati
852 632 954 686 sint,
991 635 1038 672 ut
1070 646 1165 673 cum
1198 632 1367 686 signum
1399 632 1573 686 dederit,

269 702 288 730 e
318 689 452 743 portis
490 690 778 744 inruptionem
814 690 991 744 faciant,
1035 694 1109 731 aut
1147 690 1314 731 vincere
1352 693 1425 731 aut
1461 692 1571 733 mori

269 748 349 788 sibi
381 751 542 789 certum
569 763 670 790 esse.
731 749 836 790 haec
861 752 1089 803 postquam
1117 748 1262 789 multis
1293 749 1433 790 verbis
1465 749 1573 791 dixit

267 805 545 872 hortatusque
566 811 630 848 est
649 821 738 861 eos,
758 807 982 849 consilium
1003 807 1190 861 dimittit,
1209 806 1570 873 Amphimachum

268 878 409 906 secum
443 865 489 905 in
525 866 687 921 regiam
727 840 841 908 ,(1110113
878 865 1060 920 dicitque
1093 866 1131 906 ei
1161 866 1296 906 vereri
1333 879 1376 907 se
1415 866 1468 907 ab
1502 867 1574 909 his

268 923 339 977 qui
370 938 517 977 pacem
551 927 792 979 suaserunt,
828 938 882 965 ne
921 924 1123 978 oppidum
1154 924 1355 978 prodant,
1394 938 1465 966 eos
1496 925 1569 966 ha-

267 981 364 1022 bere
403 982 453 1023 dc
490 983 613 1036 plebe
651 984 808 1024 multos
847 983 919 1037 qui
961 997 1047 1024 una
1090 983 1293 1036 sentiant,
1332 997 1438 1036 opus
1479 997 1570 1025 esse

266 1054 338 1081 eos
370 1040 563 1082 interfici.
613 1041 725 1096 quod
751 1042 786 1082 si
811 1041 891 1083 hoc
916 1041 1076 1082 factum
1102 1041 1174 1095 sit,
1206 1055 1249 1082 se
1270 1055 1362 1082 esse
1386 1042 1570 1095 patriam

267 1098 537 1140 defensurum
563 1103 606 1141 et
629 1100 814 1155 Argivos
845 1103 1150 1154 superaturum.
1202 1099 1410 1154 simulque
1434 1104 1571 1155 rogat,

265 1160 313 1197 ut
345 1158 425 1199 sibi
461 1158 598 1199 fidelis
630 1161 672 1199 et
703 1158 936 1200 obaudiens
973 1161 1231 1213 paratusque
1266 1172 1361 1199 cum
1394 1159 1569 1200 armatis

267 1216 340 1270 sit,
379 1217 423 1257 id
462 1216 552 1258 sine
585 1217 820 1271 suspitione
850 1231 976 1271 posse
1006 1217 1116 1270 fieri,
1146 1219 1318 1270 postera
1349 1216 1415 1257 die
1448 1230 1491 1257 se
1522 1217 1569 1258 in

267 1249 360 1316 arc⁷e
391 1275 453 1316 ita
488 1275 552 1316 uti
591 1276 698 1317 solet
739 1290 830 1317 rem
869 1275 1056 1317 divinam
1086 1275 1298 1316 facturum
1330 1288 1484 1337 eosque
1516 1275 1571 1316 ad

266 1347 413 1374 cenam
445 1337 710 1388 vocaturum,
746 1338 848 1376 tunc
886 1333 1224 1388 Amphimachus
1261 1347 1356 1374 cum
1387 1329 1569 1375 armatis

265 1392 553 1446 inruptionem
591 1368 721 1434 faciat
751 1407 907 1448 eosque
942 1393 1171 1434 interimat.
1232 1391 1570 1446 Amphimachus

363 1536 380 1565 1
403 1531 561 1566 surrexit
579 1531 613 1565 L
636 1533 638 1573 j
661 1530 761 1565 mala
779 1531 899 1566 multa
916 1531 951 1565 L
1046 1534 1065 1564 2
1087 1530 1256 1566 ductores
1280 1530 1381 1573 libri,
1402 1532 1571 1564 auctores

267 1578 469 1613 Mercerz’us
491 1580 495 1622 l
518 1578 617 1613 duct.
637 1589 722 1623 app.
741 1578 778 1613 b.
797 1578 822 1613 f.
843 1578 881 1612 in
901 1590 954 1623 gr.
974 1577 1149 1613 mittendi
1166 1577 1311 1622 legatos
1332 1576 1366 1611 G
1455 1580 1475 1611 3
1496 1577 1570 1611 An-

264 1629 431 1659 tenorem
446 1646 489 1649 -—
505 1625 661 1659 suadeat
679 1636 743 1661 om.
766 1625 800 1660 G
883 1629 905 1659 4
924 1624 1147 1669 persuadeat
1164 1624 1214 1667 L,
1233 1624 1365 1668 scripsi
1384 1623 1538 1658 suadeat

266 1676 285 1706 ὁ
318 1673 484 1706 Antenor
515 1672 598 1707 add.
632 1671 665 1706 G
696 1676 800 1716 post
819 1682 966 1716 quoque
994 1673 999 1715 Ι
1026 1670 1179 1706 redierit
1215 1670 1322 1712 lib-ri,
1359 1680 1424 1704 ‘nos
1455 1669 1540 1704 ierit

264 1718 549 1763 renuntiauerit]
578 1729 652 1753 non
685 1718 881 1763 negauerit
913 1718 946 1751 L
1043 1722 1063 1752 6
1095 1719 1133 1752 et
1163 1716 1321 1751 suaserit
1353 1716 1569 1751 bellandum

266 1776 302 1799 es
306 1776 343 1799 se
364 1765 398 1800 G
471 1770 489 1800 7
511 1765 699 1810 eripuerat
716 1765 751 1799 L
823 1769 844 1800 8
870 1766 1118 1809 quaproptum
1137 1774 1216 1799 esse
1237 1763 1270 1798 G
1343 1767 1363 1798 9
1386 1765 1429 1797 ut
1447 1762 1487 1797 hi
1505 1763 1539 1797 L
1561 1764 1565 1809 Ι

267 1814 305 1846 ut
331 1822 396 1847 om
423 1811 457 1847 G
542 1816 586 1846 10
611 1823 630 1847 0
651 1812 780 1847 addidi
799 1823 816 1846 e
835 1813 1056 1854 coniectura,
1083 1811 1228 1845 uzcletur
1253 1820 1305 1845 ess
1307 1821 1323 1844 e
1348 1811 1388 1844 in
1413 1809 1453 1844 F
1524 1814 1569 1844 12

266 1870 327 1893 eos
353 1859 437 1894 add.
459 1858 498 1893 F
594 1863 634 1893 13
667 1859 707 1893 in
738 1871 766 1894 r.
799 1871 826 1894 s.
859 1859 965 1893 duxit
995 1858 1087 1892 dicit
1118 1857 1152 1892 G
1201 1857 1306 1892 duxit
1331 1856 1497 1901 dixitque
1522 1857 1568 1898 L,

266 1916 329 1940 nos
354 1906 456 1940 ducit
481 1905 644 1950 dicitque
742 1910 784 1941 15
817 1905 981 1941 sentiunt
1004 1904 1039 1938 L
1136 1908 1178 1939 16
1210 1914 1274 1939 eos
1299 1914 1364 1938 om.
1392 1903 1425 1938 G
1446 1905 1451 1947 ι
1474 1903 1505 1938 si
1528 1884 1569 1937 111

266 1954 344 1995 (om.
380 1952 492 1997 quod)
527 1952 560 1987 G
586 1954 592 1996 l
619 1952 760 1987 factum
794 1952 857 1998 sit]
883 1952 996 1987 fuerit
1025 1951 1060 1986 L
1086 1952 1091 1994 1
1120 1962 1199 1986 esse
1231 1962 1296 1985 om.
1330 1950 1364 1985 G
1460 1954 1502 1984 17
1530 1951 1570 1984 et

265 2010 330 2034 om.
357 1999 391 2032 L
490 2003 531 2034 18
558 1999 709 2034 audiens
735 1999 769 2033 L
817 1999 1019 2034 obaudiens
1046 1998 1095 2033 sit
1119 1997 1153 2033 G
1175 2000 1180 2042 Ι
1202 1997 1372 2043 armmllis
1392 1997 1425 2031 L
1523 2001 1566 2031 19

265 2048 350 2116 adsit
376 2080 447 2116 Sed
471 2079 511 2114 id
535 2080 570 2114 L
619 2080 668 2114 sit
691 2079 803 2124 idque
829 2079 862 2114 G
886 2082 889 2121 Ι
912 2080 966 2114 ita
984 2079 1008 2113 f.
1029 2091 1063 2124 p.
1092 2079 1125 2114 G
1147 2081 1150 2123 1
1176 2079 1276 2124 Quae
1299 2081 1498 2122 sequuntur
1523 2088 1568 2112 ex

266 2127 347 2163 GF
378 2128 530 2163 restitui.
585 2129 791 2171 postera—
804 2127 909 2171 tunc]
936 2126 1117 2170 simulque
1149 2126 1279 2161 suadet
1311 2136 1396 2169 amp
1398 2124 1567 2159 himacus

267 2186 303 2209 se
330 2186 391 2210 eos
418 2174 465 2209 ad
497 2184 649 2209 caenam
677 2173 763 2218 peti.
815 2173 1053 2217 diuinamque
1083 2183 1162 2207 rem
1192 2137 1396 2206 facturi'um
1443 2172 1482 2205 et
1511 2170 1568 2205 ita

264 2222 411 2257 insidiis
436 2221 770 2256 circumuenturum
801 2220 836 2254 L
938 2224 980 2254 :21
1013 2218 1363 2265 Amphimachus—
1376 2217 1568 2253 interimat

265 2279 330 2303 om.
356 2269 400 2303 L.
