1607 2536
268 55 325 94 44
566 64 590 81 -2
703 54 880 89 DARET}
889 53 911 89 S
938 54 1137 90 PHRYGII

268 150 453 206 Argivos
492 151 683 192 devastat
721 152 763 192 et
799 151 843 192 in
878 152 1036 193 bellum
1068 156 1280 206 provocat.
1341 152 1572 207 Agamem-

268 224 355 251 non
388 224 437 251 ex
470 209 646 251 consilio
673 212 812 251 castra
842 211 981 251 munit
1008 213 1232 265 tueturque
1264 213 1307 251 et
1337 211 1381 252 in
1412 211 1574 252 bellum

267 283 354 310 non
386 269 544 322 prodit,
580 282 713 322 usque
752 268 851 309 dum
882 268 1101 310 Menelaus
1132 269 1287 310 veniat.
1350 269 1571 311 Menelaus

269 327 320 368 ad
366 326 540 381 Scyrum
583 327 717 381 venit,
767 341 885 368 arma
934 327 1113 369 Achillis
1157 327 1440 381 Neoptolemo
1483 328 1570 370 filio
1606 345 1607 354 ¹

233 397 248 421 f»
269 385 358 426 eius
402 385 550 439 tradit,
595 399 702 439 quae
747 400 842 426 cum
882 386 1150 440 sumpsisset,
1189 387 1298 427 venit
1333 390 1370 428 et
1404 387 1450 427 in
1490 386 1571 428 Ar-

215 692 247 715 10

215 1278 248 1301 20

268 444 462 498 givorum
506 444 655 485 castris
704 443 976 485 vehementer
1025 445 1135 486 circa
1183 445 1316 498 patris
1359 446 1571 486 tumulum

267 503 524 544 lamentatus
562 504 637 544 est.
703 502 974 544 Penthesilea
1010 517 1060 544 ex
1097 504 1400 544 consuetudine
1438 504 1574 545 aciem

267 562 441 603 instruit
460 563 503 602 et
527 575 660 615 usque
681 561 734 602 ad
758 561 1016 616 Argivorum
1037 565 1175 603 castra
1193 562 1346 615 prodit.
1383 561 1572 616 Neopto·
1604 589 1607 597 ·

267 621 402 661 lemus
421 620 737 674 Myrmidonum
757 620 955 674 princeps
976 623 1124 662 contra
1143 621 1277 661 aciem
1297 621 1428 674 ducit,
1456 620 1571 675 Aga-

267 693 469 720 memnon
489 678 718 720 exercitum
742 679 927 720 instruit.
975 679 1135 733 pariter
1160 678 1285 720 ambo
1305 682 1573 720 concurrunt.

269 736 575 791 Neoptolemus
615 740 801 792 stragem
840 737 954 778 facit.
1016 737 1198 778 occurrit
1226 736 1496 778 Penthesilea
1530 740 1574 778 et

267 796 434 837 fortiter
464 796 509 836 in
540 795 701 849 proelio
738 799 948 850 versatur,
984 795 1152 850 utrique
1183 810 1259 850 per
1289 796 1452 851 aliquot
1483 796 1571 836 dies

267 854 419 895 acriter
473 857 788 908 pugnaverunt,
843 855 1076 906 multosque
1126 854 1379 896 occiderunt.
1463 853 1571 895 Pen—

266 913 446 954 thesilea
487 911 817 967 Neoptolemum
861 913 1040 954 sauciat:
1090 913 1161 954 ille
1212 913 1355 954 dolore
1399 915 1575 966 accepto

232 984 248 1008 5
267 971 580 1013 Amazonidum
612 972 840 1013 ductricem
874 971 1190 1013 Penthesileam
1223 972 1460 1013 obtruncat.
1522 985 1572 1012 eo

266 1031 379 1072 facto
422 1033 562 1072 totum
606 1030 836 1071 exercitum
881 1030 1162 1071 Troianorum
1205 1030 1249 1071 in
1287 1030 1433 1085 fugam
1473 1044 1574 1071 eon-

266 1089 411 1143 vertit,
443 1089 487 1130 in
513 1089 662 1130 urbem
692 1089 792 1130 victi
822 1088 1057 1144 refugiunt,
1089 1075 1239 1143 Argivi
1266 1103 1361 1130 011111
1387 1088 1573 1129 exercitu

266 1163 433 1188 murum
455 1147 736 1201 circumdant,
755 1150 804 1188 ut
821 1147 936 1188 foras
956 1147 1130 1188 Troiani
1149 1147 1260 1188 exire
1279 1161 1367 1188 non
1385 1148 1573 1200 possent.

384 1205 603 1248 XXXVII.
651 1205 746 1247 Hoc
777 1208 1004 1260 postquam
1034 1205 1210 1247 Troiani
1239 1205 1453 1258 viderunt,
1483 1204 1573 1245 An—

267 1268 391 1306 tenor
415 1264 671 1319 Polydamas
697 1264 864 1305 Aeneas
891 1264 943 1305 ad
968 1263 1186 1305 Priamum
1214 1264 1406 1313 veniunt,
1439 1266 1574 1318 agunt

268 1338 363 1365 cum
402 1337 470 1378 eo,
507 1326 555 1364 ut
591 1323 814 1364 consilium
852 1326 1032 1364 convocet
1073 1326 1115 1363 et
1152 1323 1353 1364 deliberet
1389 1322 1491 1376 'quid
1522 1322 1574 1362 de

267 1382 449 1423 fortunis
486 1383 573 1424 suis
610 1382 799 1423 futurum
839 1382 905 1423 sit.
974 1381 1170 1422 Priamus
1213 1381 1436 1423 consilium
1473 1394 1574 1421 0011-

362 1563 382 1593 3
410 1559 538 1594 ueniat
563 1558 752 1593 menelaus
780 1557 812 1592 G
836 1560 839 1599 Ι
861 1557 1052 1591 Menelaus
1068 1556 1377 1601 —vehementer]
1391 1566 1473 1590 cum
1490 1566 1575 1591 neo-

267 1606 442 1650 ptolemo.
492 1605 759 1650 Neoptolemus
790 1606 833 1638 ut
864 1603 1018 1638 aduenit
1049 1614 1153 1638 arma
1183 1603 1301 1648 patris
1331 1603 1388 1637 sui
1420 1602 1573 1647 accepit.

268 1653 511 1687 Lamentatur
532 1652 566 1687 G
649 1656 671 1685 4
691 1651 738 1685 ad
759 1651 895 1685 scirum
913 1651 948 1685 L
1038 1655 1058 1685 5
1077 1650 1182 1685 venit
1201 1651 1238 1684 et
1261 1650 1301 1683 in
1327 1649 1457 1683 addidi
1553 1653 1572 1683 7

267 1699 495 1734 lamentatus
528 1700 585 1733 est
621 1708 687 1732 om.
723 1697 756 1732 G
794 1699 877 1732 add.
920 1697 1079 1732 clamore
1109 1707 1245 1741 magno
1273 1696 1278 1739 1
1306 1695 1438 1741 aciem]
1469 1707 1575 1740 proe-

269 1746 360 1780 lium
385 1746 419 1780 L
517 1750 537 1781 8
564 1746 602 1780 et
631 1756 697 1779 om.
725 1744 758 1779 G
784 1745 857 1778 add
881 1743 1054 1788 producit
1075 1744 1079 1787 Ι
1103 1743 1149 1777 ad
1175 1754 1240 1777 om.
1266 1743 1299 1776 L
1322 1745 1326 1786 l
1349 1745 1472 1777 castra
1497 1754 1574 1788 arg.

269 1793 302 1828 G
350 1792 453 1838 prod.
493 1794 616 1837 neopt.
654 1791 769 1836 princ.
804 1790 1044 1825 mirmidonas
1089 1791 1218 1825 contra
1260 1789 1385 1824 educit
1423 1789 1457 1824 G
1493 1790 1573 1834 (om.

268 1840 399 1885 aciem)
500 1844 542 1874 10
575 1838 758 1874 construit
787 1838 821 1872 L
849 1839 854 1881 1
881 1838 1022 1882 pariter
1050 1838 1152 1880 libri,
1180 1836 1313 1872 acriter
1338 1836 1420 1871 edit.
1453 1835 1574 1871 Venet.

270 1891 359 1922 1499
393 1888 397 1932 Ι
426 1887 535 1922 ambo
567 1886 790 1921 concurrunt
820 1896 885 1920 om.
912 1884 946 1919 L
1044 1889 1084 1918 11
1120 1884 1210 1918 fecit
1233 1884 1267 1917 L
1295 1885 1299 1926 Ι
1326 1884 1467 1928 pentes.
1499 1894 1573 1918 occ.

267 1934 352 1968 fort.
392 1934 598 1968 comminus
636 1933 742 1967 stetit
780 1931 814 1967 G
927 1935 968 1965 12
1006 1931 1169 1976 utrique]
1203 1930 1267 1965 diu
1305 1933 1343 1965 et
1382 1930 1416 1965 G
1530 1933 1573 1964 13

269 1980 419 2026 acriter]
447 1981 556 2014 ambo
582 1979 614 2014 G
636 1981 640 2021 l
662 1979 874 2023 multosque
899 1978 1047 2022 utrique
1066 1979 1102 2012 A
1150 1978 1288 2012 multos
1313 1977 1462 2021 utrique
1486 1976 1576 2018 LG,

267 2031 430 2062 nostrum
461 2038 478 2061 e
511 2028 718 2061 coniectura
829 2030 871 2060 15
906 2026 1136 2059 Amazonum
1168 2024 1201 2059 G
1229 2025 1233 2067 Ι
1261 2023 1398 2059 occidit
1433 2024 1476 2057 ut
1511 2023 1574 2057 ob·

267 2076 417 2108 truncat
442 2074 475 2108 G
573 2077 616 2107 16
647 2073 687 2107 111
716 2072 845 2117 fugam
877 2071 1061 2106 conuertit
1091 2071 1130 2105 in
1161 2071 1290 2106 urbem
1314 2069 1407 2104 uicti
1431 2069 1495 2103 m'x
1519 2080 1575 2104 re-

267 2120 419 2165 fugiunt
451 2120 484 2155 G
537 2119 578 2154 in
607 2120 737 2154 urbem
769 2118 906 2154 conicit
936 2118 975 2152 in
1006 2117 1135 2152 urbem
1164 2117 1228 2151 uix
1258 2116 1399 2161 refugit
1431 2116 1481 2150 M
1535 2116 1576 2150 in

268 2169 397 2202 urbem
423 2166 560 2202 conicit
583 2166 647 2201 uix
672 2165 811 2210 refugit
829 2165 863 2198 L
960 2168 1003 2199 18
1028 2163 1174 2208 possint-
1192 2164 1226 2197 L
1322 2167 1366 2197 20
1392 2164 1575 2201 uenerunt

270 2213 303 2248 G
400 2218 442 2249 21
465 2215 623 2258 querant
642 2214 680 2248 et
698 2213 733 2247 L
781 2211 927 2256 quaerit
947 2211 997 2245 M
1043 2211 1153 2255 cogat
1173 2210 1224 2253 G,
1246 2210 1377 2253 scripsi
1397 2210 1576 2245 convocet

270 2263 307 2295 et
329 2261 333 2306 Ι
356 2260 401 2296 de
426 2261 511 2295 fort.
533 2273 567 2305 q.
594 2260 618 2294 f.
647 2260 695 2294 sit
721 2259 902 2293 deliberet
928 2257 960 2292 G
983 2259 988 2301 1
1011 2257 1085 2291 suis
1111 2257 1195 2291 add.
1223 2257 1434 2291 fflercerius.
