1607 2536
273 580 396 630 Quod
426 580 611 634 pretium
644 579 765 620 libris
798 593 928 620 manu
949 578 1125 632 scriptis
1146 576 1316 618 Daretis
1342 576 1474 632 Phry-

155 640 214 695 gii
250 639 523 681 tribuendum
564 640 675 679 esset
707 653 802 679 cum
834 640 937 678 ante
982 637 1063 678 hoc
1097 636 1317 677 biennium
1351 651 1475 691 quae-

154 713 291 740 rerem
303 697 353 754 Γ),
390 713 478 739 non
517 697 705 738 dubitavi
745 696 879 737 codici
916 695 1236 750 Bambergensi
1280 696 1474 750 quamvis

155 758 300 798 multis
343 757 563 811 foedisque
599 756 715 797 vitiis
756 756 982 810 inquinato
1026 755 1214 808 palmam
1253 754 1476 795 decernere

155 830 333 871 eumque
352 816 397 856 in
416 817 535 856 textu
562 829 687 869 quem
719 814 866 855 dicunt
899 813 1200 855 constituendo
1222 813 1352 867 sequi.
1394 812 1477 854 Sed

153 875 280 928 paulo
313 877 427 928 post,
470 874 513 914 id
553 874 665 929 quod
703 876 796 914 tum
836 887 890 913 ne
931 887 1103 926 sperare
1144 872 1314 927 quidem
1347 886 1476 913 ausus

155 947 288 986 eram,
335 933 531 987 contigit,
572 935 620 972 ut
660 932 744 973 alia
783 931 1000 985 praesidia
1045 931 1196 972 critica
1241 931 1474 985 acciperem

154 1006 260 1047 quae
293 991 436 1032 nescio
470 1006 525 1032 an
556 991 685 1032 etiam
716 990 850 1045 pluris
884 990 1150 1031 aestimanda
1183 990 1280 1031 sint.

272 1050 446 1091 Etenim
477 1050 581 1091 haec
612 1050 718 1091 mihi
748 1050 834 1090 iam
865 1051 958 1089 tum
989 1051 1159 1103 praesto
1192 1051 1330 1090 erant:

271 1109 323 1150 F.
363 1108 635 1150 Florentinus
673 1108 797 1149 Laur.
838 1107 988 1149 LXVI.
1026 1108 1084 1149 40
1125 1107 1152 1148 f.
1186 1106 1238 1148 fib
1274 1106 1389 1149 Saec.
1418 1107 1470 1149 X.

153 1168 309 1222 partim
342 1183 366 1208 a
398 1168 561 1222 collega
593 1167 838 1209 doctissimo
865 1166 1073 1208 Riccardo
1102 1166 1345 1220 Foerstero,
1379 1181 1475 1208 cum

154 1228 394 1267 litterarum
431 1241 559 1268 causa
590 1227 635 1267 in
666 1226 794 1267 Italia
824 1228 1086 1280 versaretur,
1132 1226 1290 1280 partim
1329 1227 1462 1267 avito

153 1285 462 1326 humanissimo
494 1285 708 1326 Ludovico
742 1285 892 1338 Jeepio
925 1285 1123 1326 collatus:
1162 1285 1207 1325 in
1240 1299 1288 1326 eo
1321 1285 1475 1326 desunt

153 1344 273 1385 haec:
305 1359 344 1398 p.
371 1344 409 1397 9,
439 1345 490 1385 11
524 1344 597 1385 ubi
617 1345 678 1385 ita
705 1344 1217 1385 audisset—nuntiatum
1238 1346 1302 1384 est
1321 1343 1473 1398 Pylum

153 1418 191 1456 p.
226 1404 292 1454 13,
324 1404 362 1445 5.
397 1404 578 1457 scriptus
611 1406 676 1444 est
708 1418 733 1443 a
763 1403 963 1444 Johanne
998 1402 1281 1444 Subdiaeono.

272 1461 312 1503 G
346 1461 638 1517 Sangallensjs
679 1462 962 1503 bibliothecae
1010 1462 1260 1503 monasterii
1301 1476 1341 1503 n.
1386 1462 1467 1503 197

154 1519 269 1562 Saec.
288 1519 328 1560 X
357 1535 481 1575 quem
515 1521 683 1575 egregie
716 1521 820 1562 mihi
846 1521 1027 1563 contulit
1047 1520 1273 1561 Eduardus
1300 1520 1469 1562 Woelff-

71 1605 79 1609 κ
154 1579 278 1620 linus.

271 1637 322 1678 H
355 1637 584 1679 Bernensis
617 1653 657 1679 n.
690 1639 775 1679 427
810 1637 925 1680 Saec.
957 1637 997 1679 X
1034 1638 1322 1680 intercedente
1359 1638 1465 1680 Her-

153 1711 311 1737 manno
343 1695 524 1751 Hageno
558 1697 739 1738 collatus
773 1698 826 1738 ab
858 1697 1017 1738 Emilio
1051 1697 1220 1738 Kurzio.

271 1754 494 1796 Praeterea
526 1758 667 1797 autem
699 1756 789 1810 ipse
822 1757 1085 1798 contuleram
1117 1756 1195 1797 hos
1228 1756 1377 1798 libros:

270 1814 313 1855 A
344 1812 542 1855 Codicem
580 1815 863 1857 bibliothecae
901 1815 1193 1856 universitatis
1225 1816 1468 1857 litterarum

152 1871 502 1914 Vratislaviensis
535 1873 597 1915 IV
629 1873 662 1914 F
695 1874 750 1915 33
785 1889 889 1916 saec.
922 1873 1028 1915 XIII

270 1931 314 1972 B
345 1930 706 1987 Bambergensem
737 1932 774 1973 E
808 1932 871 1973 III
903 1934 959 1974 22
993 1947 1099 1974 saec.
1130 1932 1170 1974 X

272 1989 306 2031 O
339 1989 719 2044 Guelferbytanum
751 1992 862 2047 Ang.
895 1992 950 2033 36
988 1992 1039 2033 19
1072 1992 1143 2033 fol.
1177 2007 1282 2034 saec.
1315 1992 1397 2043 XV

268 2048 310 2090 R
359 2048 705 2104 Rhedigeranum
767 2051 1052 2093 bibliothecae
1113 2050 1464 2094 Vratislaviensis

151 2107 388 2162 oppidanae
421 2106 505 2150 Ser.
538 2108 556 2149 I
592 2110 614 2150 7
647 2124 688 2150 n.
720 2110 747 2151 2
781 2124 887 2151 saec.
920 2109 1026 2151 XIII

249 2259 273 2304 ¹)
294 2259 506 2295 Fer-dinand
520 2261 682 2305 Meister,
703 2261 796 2297 iiber
809 2262 925 2297 Dares
951 2273 1024 2297 von
1044 2262 1232 2307 Phrygien
1253 2261 1298 2297 de
1319 2262 1463 2297 excidio

149 2306 462 2399 ἶῶεέἓὲιὲξεὶαυ
491 2312 577 2344 1871
602 2309 819 2355 Programm
845 2309 909 2344 des
930 2308 1191 2354 Gymnasiums
1211 2321 1256 2343 zu
1277 2309 1328 2345 St.
1343 2309 1463 2344 Maria

1118 2422 1157 2448 a·
