1607 2536
179 74 235 116 62

177 170 278 215 Argo
313 170 418 205 navis
448 172 749 216 Argonautarum
781 177 812 217 3,

228 221 269 250 11

177 263 416 308 Argonautae
434 269 525 307 3,17
547 270 602 309 22,
616 271 637 301 4
664 266 813 301 Troiam

224 310 383 355 profecti
409 313 494 345 sunt
520 316 580 356 20,
604 317 644 347 17

177 358 298 402 Argus
324 357 539 393 aedificator
566 360 671 395 navis
695 362 810 406 Argo-

224 406 422 439 nautarum
448 409 485 448 2,
509 410 550 440 13

175 450 408 495 Ascalaphus
473 463 517 486 ex
580 452 810 490 Orchomeno

224 497 448 533 Graecorum
474 499 547 534 dux
575 504 634 544 17,
657 505 699 535 15

176 545 356 579 Ascanius
388 556 407 579 e
438 545 604 592 Phrygia
636 548 811 584 Troiano-

223 603 305 626 rum
331 592 405 626 dux
432 596 492 636 23,
516 598 533 627 1

177 638 267 673 Asia
285 650 429 684 semper
451 639 490 674 in
516 640 660 676 desidia
685 642 757 677 fuit
776 645 814 678 et

225 685 271 720 ob
302 686 342 720 id
380 686 534 721 classem
571 699 645 722 non
681 688 815 725 habuit

224 737 262 776 8,
284 737 326 766 22

176 779 285 814 Asius
312 779 356 814 de
382 780 548 826 Phrygia
570 781 814 818 Troianorum

224 826 298 860 dux
325 831 450 870 22,16

176 874 426 918 Asteropaeus
447 886 491 909 ex
510 876 673 911 Paeonia
687 877 814 912 Troia—

223 930 355 955 norum
375 921 448 956 dux
473 926 528 967 23,
545 927 562 957 1
601 924 647 958 ab
667 924 813 960 Achille

226 966 406 1003 occiditur
432 973 492 1012 26,
515 974 556 1003 21

176 1014 369 1058 Astyanax
388 1015 558 1051 Hectoris
583 1017 681 1052 filius
708 1021 770 1062 29,
791 1023 811 1053 9

175 1060 345 1096 Athenae
373 1067 433 1105 17,
455 1068 495 1097 11
525 1068 649 1107 23,11
682 1067 812 1109 portus

226 1112 285 1151 13,
307 1112 351 1143 26
394 1091 448 1144 ib'i
479 1110 637 1145 historia
664 1112 812 1147 Daretis

222 1155 376 1190 inventa
390 1158 446 1191 est
467 1161 497 1201 1,
514 1161 530 1191 1
558 1157 612 1192 ibi
630 1158 812 1194 Homerus

223 1213 289 1246 pro
315 1202 447 1238 insano
472 1204 623 1239 habitus
651 1210 687 1249 1,
709 1210 752 1240 15

176 1249 373 1294 augurium
400 1254 461 1294 20,
485 1256 526 1286 13
553 1256 615 1295 36,
638 1256 681 1287 23

176 1296 298 1339 Aulis,
333 1307 377 1332 eo
412 1297 543 1333 Graeci
576 1301 813 1334 revertuntur

225 1347 285 1386 20,
309 1348 352 1378 14

176 1389 309 1425 Bo'etes
335 1392 382 1426 ab
407 1391 566 1427 Hectore
595 1393 812 1429 interfectus

224 1441 285 1479 25,
307 1442 350 1473 26

175 1483 329 1519 Boeotia
356 1489 393 1528 7,
416 1489 434 1520 7
464 1490 524 1529 17,
547 1491 590 1521 14

175 1530 344 1565 Briseida
369 1532 590 1568 describitur
617 1539 676 1577 17,
700 1538 718 1568 7

176 1577 354 1613 Bucolion
373 1579 546 1624 princeps
567 1581 811 1616 Troianorum

224 1628 261 1667 8,
283 1629 303 1659 5

175 1670 381 1715 Buprasion
409 1677 468 1716 17,
492 1678 533 1708 19

177 1717 332 1753 Calchas
359 1719 550 1755 Thestoris
584 1721 681 1756 filius
707 1724 811 1757 vates

224 1769 284 1809 20,
307 1770 325 1800 1
362 1766 575 1803 Calchantis
595 1780 811 1813 responsum

223 1816 289 1855 36,
311 1817 354 1848 23
383 1818 444 1857 51,
470 1818 490 1848 5

177 1857 343 1904 Calydna
370 1865 430 1904 18,
451 1865 471 1896 5

177 1904 286 1940 Caria
312 1911 373 1950 22,
396 1913 438 1942 16

177 1951 384 1988 Cassandra
408 1954 548 1990 Priami
573 1955 651 1990 filia
666 1961 733 1999 6,4
758 1957 812 1991 in—

222 2000 427 2035 fortunium
447 2002 673 2037 vaticinatur
687 2003 812 2038 Troia-

222 2046 279 2081 nis
289 2047 428 2082 bellum
438 2059 520 2083 cum
529 2048 677 2084 Graecis
688 2052 811 2094 gestu-

222 2094 272 2128 ris
290 2099 343 2139 11,
359 2099 378 2129 2
406 2106 428 2129 3
444 2095 592 2130 Priamo
609 2096 813 2131 includitur

225 2146 285 2185 13,
317 2146 358 2177 15
416 2142 636 2177 describitur
673 2147 734 2187 15,
770 2147 811 2177 17

224 2189 336 2223 Τ1013
367 2191 478 2233 capta
507 2189 547 2223 in
577 2190 719 2234 templo
745 2189 813 2224 Mi-

223 2246 358 2270 nervae
396 2247 434 2271 se
473 2237 636 2271 occultat
672 2240 734 2281 49,
768 2240 810 2271 21

223 2282 397 2318 libertate
413 2283 572 2318 donatur
590 2288 644 2327 50,
662 2288 703 2318 16
730 2295 812 2318 011111

480 77 635 112 INDEX
660 77 896 113 NOMINUM
920 79 983 114 ET
1008 79 1191 116 RERUM.

898 173 1038 209 Heleno
1071 173 1364 210 Cherronensum
1389 176 1487 220 petit

851 267 980 302 Castor
1017 279 1100 302 cum
1135 268 1293 304 Hercule
1332 269 1482 304 Troiam

897 317 1088 360 expugnat
1112 319 1204 358 4,15
1236 326 1300 350 rex
1319 316 1482 351 Achaiae

899 365 1008 404 7,15
1047 361 1084 396 C
1112 364 1150 396 et
1168 362 1300 397 Pollux
1325 373 1482 397 evanue-

894 389 981 442 ru⁷nt
1008 412 1062 452 14,
1088 413 1109 442 4
1129 409 1350 444 describitur
1371 413 1485 453 14,13

848 454 1120 490 Cherronensus
1147 460 1248 500 52,1

848 501 999 536 Ciconia
1018 506 1154 546 22,18

850 548 1097 593 Clytemestra
1124 554 1185 592 11,
1212 554 1257 584 24

850 594 995 638 Colchi,
1028 607 1070 631 00
1097 597 1242 631 accedit
1266 597 1373 632 Iason
1399 609 1484 632 cum

898 643 1006 677 sociis
1033 647 1071 684 2,
1094 647 1112 677 7

851 688 1082 734 Colophonia
1107 694 1168 733 22,
1192 694 1233 725 15

851 735 1023 770 Cormum
1052 740 1112 781 23,
1134 741 1154 771 9

851 782 960 818 Creta
986 787 1046 827 18,
1068 788 1087 818 6

851 830 1014 874 Cupesus
1035 830 1080 864 de
1094 830 1224 865 Larisa
1239 830 1487 866 Troianorum

895 877 970 911 dux
996 881 1056 921 22,
1079 881 1122 912 18

852 922 1002 968 Cyphus
1030 929 1090 967 19,
1111 928 1131 958 3

851 969 1034 1014 Cytherea
1058 971 1180 1005 insula
1206 976 1266 1014 11,
1288 976 1330 1006 19
1359 975 1418 1014 12,
1442 976 1486 1006 10

848 1016 1015 1052 Dardani
1035 1022 1090 1061 14,
1107 1023 1149 1052 12
1176 1018 1365 1052 Dardania
1376 1020 1486 1063 porta

897 1064 1029 1099 Troiae
1056 1070 1093 1108 6,
1116 1069 1159 1099 14

848 1110 964 1146 Dares
1008 1111 1192 1156 Phrygius
1243 1111 1391 1156 scripsit
1438 1112 1483 1146 de

896 1158 996 1193 bello
1015 1158 1113 1193 inter
1127 1158 1286 1193 Graecos
1306 1160 1344 1193 et
1358 1158 1485 1193 Troia-

897 1216 963 1240 nos
990 1207 1112 1250 gesto,
1147 1205 1219 1240 fide
1244 1204 1484 1250 dignissimus

899 1257 935 1294 1,
971 1256 1010 1286 11
1062 1251 1242 1287 militavit
1277 1263 1393 1296 usque
1437 1252 1485 1286 ad

897 1299 1045 1333 Troiam
1071 1300 1220 1343 captam
1246 1303 1306 1343 14,
1327 1304 1347 1333 9
1386 1299 1488 1337 ,urbe

897 1347 1008 1391 capta
1030 1346 1162 1381 Troiae
1188 1345 1367 1380 remansit
1392 1350 1447 1389 52,
1462 1349 1487 1379 4

848 1393 1066 1438 Deiphobus
1100 1392 1239 1427 Priami
1272 1392 1371 1427 filius
1404 1396 1441 1435 6,
1463 1396 1483 1427 3

896 1440 1099 1475 Alexandri
1130 1439 1324 1474 consilium
1352 1439 1486 1483 probat

897 1491 940 1531 9,
981 1491 1022 1521 13
1091 1486 1311 1521 describitur
1363 1490 1424 1529 15,
1462 1490 1484 1520 4

897 1533 1075 1568 exercitui
1114 1533 1327 1578 praeficitur
1368 1537 1432 1575 23,
1463 1536 1483 1566 7

897 1592 919 1615 a
937 1580 1136 1615 Palamede
1161 1580 1403 1614 obtruncatur
1428 1583 1490 1623 34,v

899 1632 940 1662 12

849 1674 1004 1719 Delphis
1031 1674 1220 1709 oraculum
1246 1674 1326 1708 erat
1343 1672 1487 1717 Apolli-

896 1722 953 1756 nis
982 1725 1041 1765 19,
1065 1725 1106 1755 13

848 1768 1092 1813 Demophoon
1112 1767 1247 1802 Thesei
1267 1766 1366 1801 filius
1392 1770 1446 1810 24,
1462 1770 1486 1800 4

897 1819 1023 1859 32,12

848 1862 990 1896 Dianae
1021 1861 1149 1896 fanum
1183 1865 1242 1904 12,
1262 1865 1282 1894 3
1306 1864 1348 1894 12
1381 1863 1442 1903 20,
1465 1864 1483 1894 7

848 1909 1046 1944 Diomedes
1066 1919 1111 1943 ex
1129 1907 1239 1953 Argis
1260 1888 1484 1942 Graeconim

896 1957 971 1990 dux
1005 1960 1065 1999 13,
1086 1960 1129 1989 21
1165 1958 1265 1998 19,1
1310 1952 1486 1988 describi-

895 2004 956 2037 tur
1000 2007 1140 2045 16,19
1195 1982 1311 2045 Antip
1312 2000 1403 2034 hum
1447 2001 1487 2034 et

895 2049 1092 2084 Mesthlem
1147 2013 1311 2083 occiditp
1338 2051 1400 2086 26,
1439 2050 1486 2080 22

894 2096 1042 2141 legatus
1068 2107 1150 2130 cum
1175 2095 1282 2129 Ulixe
1309 2093 1356 2126 ad
1381 2092 1484 2127 Pria-

894 2155 996 2177 mum
1015 2143 1179 2176 mittitur
1204 2144 1267 2183 20,
1286 2143 1329 2174 25
1356 2143 1418 2183 27,
1440 2143 1483 2174 13

897 2200 980 2223 cum
1017 2189 1123 2223 Ulixe
1167 2189 1205 2222 et
1241 2187 1398 2221 Nestore
1436 2186 1484 2220 ad

894 2235 1079 2271 Achillem
1123 2239 1183 2278 36,
1217 2238 1237 2268 2
1291 2244 1313 2268 3
1356 2232 1487 2268 Troilo

896 2283 1113 2318 vulneratur
1138 2286 1199 2325 37,
1221 2286 1241 2316 8
