1607 2536
501 103 834 138 PRAEFATIO.
1233 117 1325 146 XLV

11 203 182 258 scripsit
218 201 352 243 Dares
398 202 567 242 cent-um
609 199 921 254 quinquaginta
960 199 1096 240 millia
1137 199 1329 253 equitum

11 277 60 304 00
93 262 159 303 die
190 275 240 302 ex
258 262 379 315 parte
399 259 679 301 Troianorum
700 258 752 299 ad
772 258 981 312 proelium
1000 259 1101 298 sunt
1132 257 1326 312 egressi“.

8 320 140 362 Plane
170 319 283 374 idem
315 319 427 372 apud
457 317 735 359 Benedictum
767 331 804 357 v.
840 317 982 357 17044
1013 316 1265 357 invenimus.

130 377 239 419 Sunt
268 381 413 419 tamen
445 377 573 417 etiam
605 376 676 417 alii
713 376 795 417 loci
831 375 1049 429 permulti,
1094 389 1144 416 ex
1173 375 1327 429 quibus

12 437 198 479 conicias
219 436 459 478 Guidonem
471 434 685 489 Daretem,
704 434 1095 488 nostruminquam
1113 433 1327 486 Daretem,

13 498 111 537 ante
158 496 302 537 oculos
345 494 558 535 habuisse.
630 493 751 542 Quod
796 508 878 547 quo
920 493 1074 534 clarius
1124 495 1329 546 appareat

13 555 250 609 complures
293 553 405 594 infra
443 553 700 605 adscribam,
745 552 847 593 dicit
894 552 1026 592 enim:
1080 550 1162 605 „Et
1213 551 1327 606 quod

11 614 163 669 frigius
190 613 312 654 dares
329 612 464 653 voluit
495 612 540 652 in
570 611 651 653 hoc
682 612 775 652 loco
808 610 1075 665 quorundam
1108 624 1331 664 grecorum

13 675 55 714 et
91 672 356 714 troianorum
393 671 628 712 describere
667 671 828 712 colores
867 671 910 710 et
946 669 1104 710 formas
1144 669 1216 723 qui
1248 669 1329 709 etsi

12 746 101 773 non
145 731 336 773 omnium
381 730 524 771 saltim
568 729 805 770 describere
848 728 983 769 voluit
1031 727 1329 769 formosorum.

13 789 209 832 Asseruit
252 790 365 830 enim
408 789 454 829 in
497 788 638 830 codice
689 788 754 829 sui
798 787 937 841 operis
982 800 1133 841 graeca
1183 787 1330 840 lingua

14 849 251 903 composito
290 862 436 889 omnes
474 848 570 889 illos
611 847 697 888 suis
738 847 870 887 oculis
908 845 1156 899 inspexisse.
1216 844 1331 885 Nam

14 908 182 962 saepius
220 907 332 948 inter
368 909 540 961 treugas
579 906 748 946 habitas
782 906 892 946 inter
924 905 1131 945 exercitus
1163 904 1254 957 ipse
1287 918 1330 944 se

15 967 68 1008 ad
128 965 386 1007 Graecorum
444 965 630 1006 tentoria
679 963 942 1017 conferebat,
1002 963 1332 1016 uniuscuiusque

14 1025 187 1067 maioris
219 1024 401 1066 formam
434 1024 642 1077 aspiciens
676 1025 718 1063 et
736 1022 1044 1076 contemplans,
1076 1023 1124 1061 ut
1142 1022 1334 1075 ipsorum

13 1085 60 1125 in
92 1099 168 1125 suo
201 1098 325 1137 opere
359 1083 484 1124 sciret
515 1082 752 1123 describere
786 1081 1039 1136 qualitates‘·'
1071 1079 1153 1132 (De
1186 1079 1332 1121 Grecis

15 1143 315 1184 inchoantibus
346 1142 454 1183 inire
486 1140 694 1195 consilia).
726 1140 866 1181 Facile
886 1140 1165 1194 intelligimus
1187 1139 1332 1180 obver-

17 1204 156 1242 satum
207 1216 298 1243 esse
345 1200 531 1242 Guidoni
582 1200 753 1242 initium
797 1199 947 1253 capitis
992 1197 1074 1238 XII
1118 1213 1156 1251 p.
1198 1198 1262 1250 14,
1307 1198 1333 1237 9

15 1259 175 1314 „Dares
213 1259 312 1301 Phr.
350 1261 421 1315 qui
458 1259 569 1301 hanc
600 1259 824 1300 historiam
858 1258 1026 1312 scripsit
1059 1257 1118 1297 ait
1151 1270 1193 1297 se
1226 1256 1334 1297 mili-

15 1322 131 1360 tasse
161 1333 294 1374 usque
320 1319 420 1359 dum
440 1317 567 1359 Troia
594 1321 718 1372 capta
750 1320 825 1370 est,
857 1317 936 1358 hos
970 1331 1013 1357 se
1045 1315 1214 1368 vidisse,
1235 1330 1333 1356 cum

17 1378 206 1419 indutiae
245 1377 411 1419 essene<
451 1402 506 1406 ——
543 1377 632 1432 „De
669 1377 753 1417 illis
792 1378 933 1417 autem
972 1375 1043 1429 qui
1082 1374 1254 1415 fuerunt
1290 1374 1336 1414 in

18 1436 146 1478 Troia
185 1437 297 1478 idem
339 1437 460 1478 dares
500 1436 660 1478 formas
703 1450 780 1476 suo
823 1435 921 1475 stilo
963 1432 1212 1487 desci·ipsit“
1252 1431 1335 1485 (De

18 1496 156 1538 forma
187 1497 230 1536 et
260 1498 423 1536 statura
454 1493 754 1549 Troianorum)
787 1497 828 1535 et
858 1493 1001 1547 paullo
1034 1494 1133 1546 post
1151 1490 1239 1545 „De
1270 1491 1336 1531 his

20 1557 161 1596 autem
193 1555 230 1595 d.
262 1554 311 1595 fr.
343 1554 478 1595 voluit
508 1554 668 1596 formas
702 1556 743 1594 et
775 1554 935 1594 colores
968 1549 1238 1592 describere“.
1287 1549 1339 1590 In

18 1614 264 1655 universum
279 1615 423 1654 tamen
434 1613 503 1654 hic
518 1627 683 1668 01100110
697 1611 974 1653 Benedictum
988 1610 1130 1664 potius
1147 1611 1338 1650 secutum

20 1687 112 1714 esse
149 1672 397 1714 crediderim
438 1673 509 1727 qui
547 1675 589 1713 et
626 1673 715 1726 ipse
748 1673 813 1712 ter
851 1670 901 1710 de
939 1669 1018 1710 hac
1058 1683 1102 1709 re
1135 1666 1189 1723 (V.
1222 1667 1336 1709 5073

21 1731 135 1773 5271
178 1730 312 1785 5561)
351 1734 393 1772 et
430 1732 556 1785 plane
595 1730 723 1772 simili
761 1730 887 1771 modo
926 1728 1127 1782 loquitur.
1195 1726 1341 1767 Etiam

20 1790 66 1831 in
98 1790 394 1831 enumerandis
427 1791 606 1845 singulis
639 1789 917 1830 Benedictum
955 1787 1145 1827 imitatus
1184 1785 1339 1826 rectius

23 1863 124 1890 sane
168 1851 267 1903 post
310 1848 518 1890 Helenam
564 1849 748 1890 Graecos
800 1846 1021 1898 describit,
1073 1844 1184 1898 apud
1228 1844 1340 1884 hunc

22 1922 189 1963 quoque
226 1906 437 1949 Meriones
477 1908 658 1949 omissus
701 1907 765 1948 vel
804 1906 945 1960 potius
985 1905 1073 1945 eius
1113 1901 1340 1956 descriptio

21 1967 67 2007 in
86 1966 366 2008 Machaonem
384 1967 593 2008 translata
613 1968 689 2019 est,
710 1965 889 2019 denique
910 1963 1021 2017 apud
1042 1963 1155 2003 hunc
1175 1974 1343 2016 quoquc

21 2024 277 2080 Polydamas
309 2025 617 2081 Persarumque
649 2040 721 2066 rex
754 2024 958 2065 Memnon
991 2021 1122 2063 additi
1155 2022 1266 2062 sunt.
1288 2044 1341 2048 -—

22 2083 131 2139 „Sed
175 2084 224 2126 fr.
275 2085 312 2126 d.
363 2084 413 2125 de
462 2084 529 2126 his
578 2084 684 2125 nihil
723 2084 767 2124 in
815 2097 891 2124 suo
943 2095 1067 2136 opere
1119 2078 1344 2133 descripsit

25 2143 272 2198 simpliciter
290 2158 454 2198 ponens
476 2144 671 2185 achillem
699 2145 740 2184 et
758 2141 1008 2196 thelaphum
1030 2139 1141 2194 apud
1161 2151 1345 2179 messam

25 2203 166 2258 gratia
197 2202 535 2257 quaerendorum
567 2202 815 2244 victualium
848 2200 1069 2242 advenisse
1102 2197 1185 2253 (De
1207 2196 1343 2252 grecis

25 2261 292 2303 mittentibus
314 2260 510 2303 achillem
530 2264 572 2305 et
596 2259 867 2315 thelaphum)
900 2259 950 2301 cf.
982 2259 1119 2300 Dares
1140 2272 1178 2311 p.
1199 2256 1267 2309 ΞΟ,
1288 2255 1341 2295 27

25 2321 289 2376 „mittuntur
345 2320 533 2362 Achilles
593 2323 635 2362 et
684 2319 896 2374 Telephus
951 2318 1004 2359 ad
1059 2313 1347 2371 praedandam
