1607 2536
384 46 447 80 DE
473 44 666 80 EXCIDIO
693 45 873 80 TROIAE
901 45 1142 81 HISTORIA.
1365 47 1421 87 23

108 145 156 183 et
175 142 482 195 Asteropaeus,
514 141 564 182 (le
597 140 784 196 Phrygia
815 141 1026 183 Ascanius
1059 144 1100 183 et
1132 141 1338 197 Phorcys,
1372 143 1422 184 de

113 200 311 242 Maeonia
330 200 548 254 Antiphus
575 203 618 240 et
640 199 863 253 Mesthles,
895 200 945 241 de
971 199 1256 254 Paplzlayonia
1280 200 1422 254 Pylae-

112 273 276 312 menes,
309 258 359 300 de
391 258 621 312 Aethiopia
653 257 802 299 Perses
835 261 878 299 et
902 257 1124 312 Memnon,
1157 259 1206 300 de
1242 259 1422 301 Thracia

111 316 282 359 Rhesus
336 321 378 359 et
404 316 720 369 Archilochus,
777 317 827 358 de
870 317 1072 359 Adrestia
1120 317 1331 359 Adrastus
1382 322 1423 360 et

113 376 344 430 Amphius,
376 376 426 418 de
456 375 654 417 Alizonia
678 375 965 430 Epistrophus
997 379 1034 418 et
1061 375 1199 419 Odius.
1249 377 1316 418 his
1349 377 1421 418 du-
1442 388 1457 413 ⁵

111 435 302 477 ctoribus
335 438 377 476 et
411 435 663 476 exercitibus
702 434 774 489 qui
805 438 1035 488 paruerant
1066 435 1270 490 praefecit
1305 435 1421 476 Pria-

113 508 208 535 mus
239 494 476 548 principem
509 496 551 534 et
582 493 800 534 ductorem
826 492 1074 547 Hectorem,
1107 494 1205 535 dein
1236 494 1422 548 Deipho-

113 553 215 593 bum
241 551 531 593 Alexandrum
558 552 749 593 Troilum
775 551 952 593 Aenean
975 552 1258 595 Memnonem.
1322 553 1421 594 dum

111 610 415 666 Agamemnon
452 611 635 652 consulit
670 611 719 651 de
751 613 843 652 tota
880 625 942 665 re,
981 625 1031 652 ex
1063 610 1218 654 Cormo
1252 612 1422 653 advenit

111 668 274 724 Naupli
304 670 416 711 filius
447 669 695 711 Palamedes
728 683 824 711 cum
855 670 1034 711 navibus
1065 669 1200 711 XXX.
1251 671 1320 711 ille
1354 685 1421 712 ex·
1445 682 1476 706 10

109 728 279 770 cusavit
316 743 359 770 se
390 729 540 770 morbo
579 728 791 769 adfectum
823 727 1017 770 Athenas
1056 729 1199 770 venire
1230 744 1318 771 non
1350 744 1422 783 po-

111 787 265 829 tuisse:
298 787 411 842 quod
442 787 621 840 venerit,
653 801 749 828 cum
788 787 973 841 primum
1013 788 1217 842 potuerit,
1263 789 1422 843 gratias

110 849 250 901 agunt
280 849 517 901 rogantque
550 860 646 887 eum
677 845 722 886 in
754 846 931 888 consilio
964 861 1066 888 esse.

232 904 349 946 XIX.
399 904 562 946 Deinde
588 919 683 946 cum
716 904 888 959 Argivis
913 919 1002 946 non
1028 908 1244 947 constaret
1269 919 1421 946 exeun-

110 963 215 1004 dum
248 963 301 1004 ad
332 963 503 1005 Troiam
535 964 644 1005 clam
676 966 806 1005 noctu
839 978 894 1004 an
924 963 1109 1005 interdiu
1140 964 1267 1015 foret,
1300 963 1476 1005 Pala-15

113 1022 256 1063 medes
302 1022 450 1063 suadet
494 1025 536 1063 et
577 1022 787 1063 rationem
839 1021 977 1063 reddit
1023 1023 1114 1064 luce
1165 1023 1210 1064 in
1253 1022 1424 1064 Troiam

110 1081 400 1123 escensionem
437 1080 526 1122 fieri
556 1083 750 1135 oportere
783 1083 826 1121 et
856 1095 1032 1122 manum
1051 1081 1240 1123 hostium
1261 1081 1422 1122 deduci.

211 1202 228 1232 1
250 1200 334 1241 post
359 1196 538 1232 Ascanius
564 1196 615 1230 L:
641 1196 890 1241 Xantypphus
917 1198 956 1231 et
974 1207 1165 1232 mei-ceres.
1216 1196 1426 1232 Deboaetia

113 1245 240 1279 sanius
254 1254 425 1279 asamaus
446 1245 484 1278 et
502 1243 659 1288 porcius
681 1243 730 1278 G:
752 1243 927 1288 xatippus
948 1245 985 1278 et
1004 1255 1202 1279 merceres:
1224 1243 1278 1278 De
1298 1243 1426 1278 boetia

114 1292 239 1326 sanias
263 1290 424 1326 asimaus
444 1292 482 1325 et
501 1290 674 1335 phortus,
695 1291 823 1325 deinde
841 1290 876 1324 L
895 1294 926 1325 et
945 1290 995 1325 G:
1023 1291 1067 1326 de
1087 1291 1238 1326 boetino
1259 1292 1426 1335 epystro-

113 1338 210 1383 polis
246 1337 487 1383 (epistropilis
514 1337 560 1382 G)
597 1339 634 1372 et
665 1337 827 1380 boetius,
863 1338 904 1372 in
938 1338 1069 1382 quibus
1100 1338 1349 1382 Epistrophus
1389 1339 1427 1372 et

111 1384 242 1429 Odius,
261 1385 326 1429 qui
344 1385 449 1428 infra
468 1385 719 1429 appellantur,
740 1385 914 1419 uidentur
933 1386 1042 1419 latere
1128 1389 1147 1419 2
1162 1384 1369 1430 paflaconia
1391 1383 1430 1418 F

113 1431 318 1477 pafadonia
342 1431 377 1466 L
427 1431 641 1476 plafaconia
667 1431 700 1466 G
728 1432 733 1476 Ι
762 1431 1008 1476 philemoenis
1032 1431 1067 1466 L
1130 1431 1367 1476 phillemenis
1394 1430 1428 1466 G

115 1479 161 1514 de
193 1478 452 1525 Paphlagonia
486 1478 728 1523 Pylaemenes
770 1478 973 1513 Mercerius
1076 1482 1096 1513 3
1131 1478 1333 1523 aethyopia
1364 1478 1421 1521 L}

115 1536 250 1561 menno
285 1525 319 1560 G
346 1529 350 1569 i
378 1525 497 1560 tracia
532 1525 566 1560 G
613 1525 780 1560 thraccia
814 1525 848 1559 L
943 1530 965 1560 4
1004 1525 1136 1560 heseus
1172 1526 1246 1560 LG
1274 1527 1278 1570 Ι
1309 1523 1427 1560 archi-

114 1573 223 1618 logus
258 1573 292 1606 L
350 1572 538 1618 argilogus
577 1571 611 1607 G
671 1572 814 1607 Rhesus
848 1574 885 1607 et
922 1572 1164 1607 Archilochus
1194 1572 1424 1617 BIerceriusl

114 1619 280 1665 agrestia
305 1619 381 1655 LG
429 1619 602 1654 Adrestia
630 1619 833 1654 Mer-cerias
854 1621 859 1662 Ι
882 1619 1076 1654 acl-arastus
1103 1619 1137 1653 L
1233 1623 1253 1654 5
1281 1619 1426 1664 ampius

115 1667 150 1700 L
180 1669 184 1710 1
216 1666 378 1702 alizonia
414 1666 489 1701 LG
519 1668 523 1710 1
556 1666 670 1701 Odius
714 1667 752 1701 et
789 1666 872 1701 add.
917 1666 1160 1709 Dederichus,
1200 1667 1312 1711 posui
1343 1670 1427 1710 post

113 1713 363 1759 Epistrophus
392 1713 396 1759 Ι
426 1713 686 1758 aepistrophus
717 1713 751 1747 L
801 1713 1132 1748 Conmeemorcmtm·
1158 1717 1345 1758 praeterea
1382 1713 1428 1748 ab

115 1760 273 1795 Homero
309 1761 364 1795 II
397 1764 464 1796 816
491 1760 643 1802 Hector,
678 1764 746 1795 820
781 1761 924 1795 Aeneas
955 1761 1196 1796 Archelochus
1222 1761 1380 1795 Acamas
1412 1771 1429 1795 e

116 1807 335 1850 Dardania,
361 1811 428 1844 858
456 1807 619 1842 Cho-omis
645 1811 677 1842 et
702 1807 895 1843 Ennomus
992 1812 1012 1843 6
1038 1809 1219 1853 pararunt
1239 1807 1272 1841 L
1321 1817 1428 1852 para-

117 1856 202 1889 rent
226 1854 260 1889 G
308 1856 513 1900 paruerunt
537 1854 762 1889 Dederichus
860 1859 878 1889 7
906 1854 1039 1889 deinde
1067 1853 1100 1889 G
1197 1859 1216 1889 9
1244 1853 1429 1889 consoluit

118 1903 153 1945 (0
179 1912 269 1936 corr.
297 1902 339 1936 in
363 1903 400 1946 u)
428 1901 461 1935 L
560 1905 602 1936 10
628 1901 835 1974 palamiedis
854 1900 888 1935 L
989 1905 1027 1935 11
1057 1901 1117 1935 aff.
1139 1900 1171 1936 G
1194 1902 1198 1945 Ι
1221 1911 1328 1946 posse
1355 1900 1430 1936 GL

118 1984 223 2027 (corr.
250 1984 291 2018 in
316 1983 494 2029 potuisse)
595 1987 636 2018 12
664 1994 736 2028 quo
763 1982 796 2017 L
846 1994 918 2028 quo
945 1982 978 2018 G
1007 1986 1012 2026 1
1040 1983 1233 2019 aduenerit
1265 1983 1297 2018 G
1327 1986 1330 2026 Ι
1365 1994 1428 2028 po-

119 2039 235 2101 tuerit
254 2066 286 2100 L
385 2069 427 2101 13
448 2067 583 2112 rogant
602 2066 728 2110 itaque
747 2065 781 2099 L
881 2069 922 2100 14
932 2064 1089 2138 uDeinde
1106 2086 1148 2091 —
1164 2065 1259 2101 foret
1279 2075 1344 2101 om
1367 2064 1399 2100 G
1423 2067 1426 2108 l

115 2143 278 2184 {exeundi
293 2147 327 2182 L
375 2148 583 2183 exeundum
604 2148 638 2182 V
721 2152 763 2183 15
783 2120 979 2182 interdiein
1000 2148 1103 2183 fieret
1116 2147 1149 2182 L
1236 2152 1278 2183 16
1299 2147 1433 2183 suadet

118 2205 307 2241 racionem
331 2206 455 2242 reddit
480 2206 514 2242 G
563 2217 629 2242 sua
653 2207 883 2242 detractione
904 2220 930 2242 1.
938 2196 989 2242 L
1013 2209 1016 2251 Ι
1039 2207 1120 2241 luce
1141 2217 1207 2241 om.
1229 2206 1261 2242 G
1285 2209 1288 2249 1
1312 2206 1358 2241 ad
1385 2209 1431 2240 tr.

116 2252 154 2286 L
203 2252 247 2288 de
272 2253 370 2288 troia
395 2253 428 2289 G
451 2257 454 2299 Ι
482 2258 521 2289 17
549 2265 685 2289 excess.
714 2253 803 2297 LG,
831 2255 963 2299 scripse
988 2254 1249 2290 escensionem.
