1607 2536
361 93 424 128 DE
450 92 645 127 EXCIDIO
673 91 854 127 TROIAE
880 92 1122 128 HISTORIA.
1339 96 1393 136 47

91 189 314 231 consilium
335 188 424 229 eius
445 188 656 242 approbat
675 202 802 243 seque
830 187 911 230 hoc
936 188 1148 230 facturum
1174 191 1396 243 promittit.

93 251 218 302 atque
250 247 312 288 ita
343 247 395 288 ab
428 260 478 288 eo
511 246 698 287 discedit.

206 304 406 347 XXXIX.
467 304 714 359 Eodemque
752 305 818 346 die
857 305 966 346 clam
1008 306 1267 348 conveniunt
1305 307 1393 348 An-

88 367 212 406 tenor
247 363 504 419 Polydamas
541 362 762 418 Ucalegon
799 363 958 418 Dolon,
997 364 1143 406 dicunt
1175 379 1218 406 se
1250 366 1395 406 mirari

88 423 201 478 regis
232 423 529 478 pertinaciam,
568 423 640 477 qui
677 423 865 464 inclusus
898 437 993 464 cum
1024 424 1163 477 patria
1195 426 1237 465 et
1268 425 1394 466 001111·
1415 436 1431 460 5

87 482 203 523 tibus
234 482 372 536 perire
403 481 526 523 malit
557 495 684 536 quam
715 495 864 535 pacem
898 481 1047 523 facere.
1108 482 1305 524 Antenor
1336 484 1395 524 ait

89 554 132 582 se
163 541 375 582 invenisse
413 540 526 595 quod
558 540 640 582 sibi
677 543 720 581 et
755 540 840 581 illis
872 540 917 581 in
940 555 1163 582 commune
1188 542 1396 595 proficiat,

88 599 201 654 quod
238 613 321 654 quo
358 601 484 653 pacto
521 599 613 640 fieri
649 599 787 653 possit
824 599 1054 653 dicturum,
1093 601 1129 641 si
1167 600 1247 641 sibi
1290 600 1395 642 fides

88 661 336 699 servaretur.
387 671 534 699 omnes
567 671 610 699 se
641 658 687 698 in
717 657 845 699 fidem
870 657 1082 700 Antenori
1108 659 1395 713 obstringunt.

87 716 283 758 Antenor
318 719 367 757 ut
408 716 514 758 vidit
551 730 594 758 se
632 717 902 771 obstrictum,
945 717 1079 758 mittit
1116 717 1169 758 ad
1206 717 1395 772 Aenean,
1415 728 1450 753 10

88 775 190 816 dicit
224 775 408 829 patriam
451 775 712 829 prodendam
750 789 841 817 esse
886 778 928 817 et
971 775 1053 817 sibi
1097 779 1139 817 et
1178 776 1265 817 suis
1303 790 1395 818 esse

88 834 338 888 cavendum,
377 833 430 875 ad
460 833 831 889 Agamemnonem
863 834 913 875 de
953 833 1020 876 his
1052 835 1177 876 rebus
1210 835 1395 889 aliquem

88 906 178 934 esse
198 892 472 947 mittendum,
499 894 574 947 qui
591 893 635 934 id
655 893 746 935 sine
767 893 1003 947 suspitione
1023 896 1156 947 curet,
1178 897 1395 935 maturan-

87 951 187 992 dum
218 965 328 1006 esse,
359 951 708 994 animadvertisse
733 965 773 994 se
798 951 1016 993 Priamum
1043 952 1199 993 iratum
1227 952 1276 993 de
1297 966 1394 993 con-

88 1010 182 1053 silio
222 1010 470 1064 surrexisse,
514 1011 614 1065 quia
651 1011 689 1051 ei
726 1024 874 1065 pacem
919 1011 1115 1064 suaserit,
1158 1011 1292 1052 vereii
1337 1025 1392 1065 se,
1413 1021 1446 1047 15

85 1082 139 1110 ne
166 1069 267 1123 quid
291 1069 392 1111 novi
417 1069 584 1111 consilii
609 1069 736 1111 ineat.
780 1069 924 1123 itaque
951 1083 1098 1111 omnes
1123 1070 1392 1124 promittunt,

87 1127 232 1168 statim
263 1127 617 1182 Polydamantem
655 1128 727 1183 qui
765 1141 815 1169 ex
853 1127 920 1170 his
952 1128 1127 1170 minime
1159 1128 1392 1170 invidiosus

86 1189 178 1227 erat
219 1186 272 1227 ad
315 1186 686 1241 Agamemnonem
729 1187 839 1228 clam
882 1186 1071 1228 mittunt.
1137 1186 1393 1242 Polydamas

85 1244 131 1285 in
168 1247 307 1286 castra
344 1245 602 1300 Argivorum
639 1245 852 1300 pervenit,
889 1245 1258 1301 Agamemnonem
1296 1260 1392 1287 con-

86 1303 220 1357 venit,
252 1303 354 1344 dicit
385 1304 424 1345 ei
456 1318 563 1359 quae
596 1305 682 1346 suis
714 1304 963 1359 placuerint.
1414 1314 1448 1340 20

182 1469 199 1500 1
222 1476 319 1501 cons.
341 1465 420 1501 eius
433 1466 537 1511 adpr.
552 1476 618 1502 om.
633 1466 667 1500 L
689 1466 693 1512 Ι
717 1476 829 1510 seque
849 1466 935 1512 hoc]
953 1477 990 1501 se
1004 1466 1037 1500 L
1099 1470 1118 1501 2
1140 1468 1253 1511 atque
1274 1477 1338 1501 om.
1359 1466 1394 1500 L

86 1513 132 1547 ab
172 1523 214 1548 eo
246 1512 403 1548 discedit
440 1513 480 1548 F
539 1513 585 1548 ab
617 1524 659 1548 eo
697 1513 869 1548 discessit
898 1513 932 1547 L
993 1513 1163 1548 discessit
1201 1514 1247 1548 ab
1286 1524 1328 1548 8ο
1361 1513 1395 1548 G

86 1563 105 1594 3
133 1559 263 1595 eodem
289 1559 323 1595 G
346 1562 350 1603 Ι
372 1559 431 1595 die
457 1560 554 1595 clam
573 1570 639 1595 om.
658 1560 692 1594 L
714 1560 719 1606 Ι
742 1562 994 1595 conuenerunt
1014 1559 1047 1595 G
1142 1565 1164 1595 4
1189 1560 1395 1606 uaealegon

85 1605 119 1640 L
141 1608 144 1649 1
167 1606 437 1652 Amphidamas
460 1608 547 1643 libri
565 1610 651 1652 post
669 1607 877 1652 Ucalegon,
902 1607 1129 1652 philidamas
1149 1606 1203 1651 F,
1229 1609 1395 1652 expunxi

84 1653 148 1688 hoc
172 1663 301 1689 nomen
330 1655 372 1689 in
403 1664 472 1699 quo
503 1655 598 1689 nihil
630 1654 735 1689 aliud
758 1655 833 1689 ‘nisi
881 1653 972 1698 Poly
976 1654 1105 1690 damas
1137 1655 1246 1689 latere
1271 1657 1365 1698 puto

85 1699 189 1735 dolos
208 1700 243 1735 L
339 1704 360 1736 5
386 1701 534 1737 clausus
555 1701 588 1736 G
685 1705 704 1736 6
725 1701 856 1736 mallet
875 1666 972 1736 LGy
999 1701 1106 1736 malit
1128 1701 1233 1743 AR}
1256 1701 1376 1736 facere

85 1746 164 1782 fieri
191 1747 224 1782 G
251 1749 256 1791 Ι
285 1747 339 1784 ait
371 1748 402 1783 si
431 1748 466 1783 L
564 1753 583 1783 7
617 1747 707 1793 quid
737 1748 949 1783 faciendum
981 1748 1030 1783 sit
1062 1749 1144 1784 adel.
1172 1748 1205 1784 G
1231 1747 1394 1821 pogii?-

1305 1802 1351 1821 cla

85 1828 230 1864 uenisse
253 1831 257 1872 1
280 1829 394 1876 quod]
415 1841 499 1865 cum
519 1829 553 1866 G
576 1834 579 1873 ξ
601 1830 640 1865 111
660 1840 855 1866 commune
870 1850 914 1855 —
928 1830 1000 1865 sibi
1021 1840 1085 1865 om.
1108 1829 1140 1865 G
1164 1832 1167 1872 Ι
1190 1829 1395 1886 prospiciat

86 1889 124 1922 et
148 1887 351 1940 consolatio
376 1888 411 1922 L
507 1893 527 1924 8
555 1892 593 1924 et
616 1888 650 1922 L
699 1889 798 1934 quod
825 1888 869 1923 H
887 1889 891 1934 Ι
914 1888 1099 1924 dicturum
1121 1889 1157 1923 B
1207 1889 1336 1924 datum
1361 1888 1394 1922 L

86 1942 217 2023 sibi-IL
239 1969 243 2014 Ι
265 1968 356 2005 fides
381 1970 607 2016 servaretur]
627 1970 724 2006 foret
748 1970 838 2006 fides
865 1970 897 2005 G
995 1975 1014 2006 9
1042 1981 1167 2006 omnes
1188 1971 1222 2006 ei
1247 1971 1270 2006 f.
1292 1973 1394 2006 ante-

86 2024 213 2087 noriem
233 2050 346 2086 obstr.
367 2051 402 2086 L
420 2052 516 2087 uncle
535 2055 695 2087 nostrum
715 2053 858 2097 scripsi,
877 2063 910 2088 0.
930 2053 969 2088 in
989 2052 1013 2088 f
1035 2064 1071 2088 se
1098 2053 1210 2088 obstr
1232 2052 1265 2088 G
1352 2057 1394 2088 10

84 2112 126 2145 ut
160 2120 225 2145 om.
258 2109 292 2144 G
390 2115 430 2145 11
465 2110 590 2146 dicens
621 2110 724 2156 prod.
757 2121 835 2147 esse
866 2113 995 2147 urbem
1029 2111 1061 2147 G
1166 2116 1207 2146 13
1240 2111 1328 2156 quid
1360 2112 1394 2146 L

86 2157 150 2201 qui
175 2157 214 2192 id
239 2157 321 2192 edit.
356 2156 474 2193 Venet.
510 2161 600 2194 1499
651 2169 724 2202 quo
741 2158 795 2193 id
821 2158 854 2194 G
883 2161 887 2202 2
916 2158 1152 2205 suspectione
1178 2159 1211 2192 L
1238 2161 1244 2202 Ι
1272 2160 1392 2203 curet]

85 2203 161 2238 fiat.
187 2203 349 2240 Celerius
376 2204 409 2240 G
508 2209 551 2240 14
576 2204 672 2240 dixit
696 2205 779 2240 add.
802 2204 835 2241 G
848 2209 933 2251 post
959 2217 1037 2242 esse
1061 2206 1065 2251 Ι
1088 2217 1126 2241 se
1151 2217 1168 2241 e
1188 2206 1393 2241 coniectura.

86 2250 216 2286 addidi
246 2249 250 2295 Ι
280 2250 419 2286 iratum
453 2262 518 2287 om.
554 2252 588 2286 L
694 2257 736 2287 15
772 2252 806 2287 ei
841 2255 969 2298 aperte
1004 2253 1049 2288 de
1081 2263 1172 2298 pace
1208 2252 1240 2288 G
1349 2257 1390 2286 17

86 2296 288 2342 statimque
314 2296 348 2334 G
369 2299 374 2342 1
395 2298 470 2344 his]
497 2298 572 2334 suis
591 2298 625 2334 L
653 2299 658 2345 1
686 2299 869 2335 inuidiose
901 2300 935 2334 L
1032 2265 1321 2344 201³·p1aeue1unt
1348 2300 1391 2334 G.
