1607 2536
139 70 197 112 54
540 71 694 107 INDEX
719 71 1042 108 LATINITA'I'IS.

139 164 301 200 calidum
326 165 516 200 cerebrum
544 170 603 208 16,
624 170 667 200 21

141 212 316 246 candidus
330 212 439 247 honio
457 217 509 256 15,
522 217 538 246 1
553 217 573 248 8
586 217 627 248 16
644 218 719 257 16,1
731 217 774 248 22

140 259 267 294 cedere
295 258 466 294 seditioni
491 264 553 303 31,
573 264 596 294 4

139 307 262 341 certus
276 306 466 341 Patroclus
484 311 537 350 16,
554 311 595 341 13
635 308 775 342 certum

188 354 244 387 est
268 353 360 387 mihi
385 357 446 395 46,
467 357 487 388 8
512 359 551 388 11

141 398 307 434 circuitio
333 399 544 445 vigiliarum
570 404 632 444 25,
655 405 698 436 15

141 446 383 481 circumactus
409 458 524 481 annus
550 451 612 491 34,
633 452 653 482 9

140 493 367 528 circumdare
392 506 539 529 murum
564 506 648 529 cum
674 505 774 530 exer-

189 540 264 575 citu
290 545 352 583 44,
376 545 417 576 18

140 587 238 621 clam
261 589 373 622 noctu
399 592 459 632 23,
484 593 526 624 15
552 593 614 632 48,
638 594 654 624 1

140 635 322 669 clamosus
349 635 544 671 Diomedes
573 641 632 680 16,
653 640 695 671 21

138 681 292 724 classes,
326 693 435 717 ‘naz-es
469 687 529 727 13,
556 687 600 718 25
648 683 774 718 classis

188 728 351 763 militum
376 733 439 772 20,
461 734 480 764 5

138 785 270 819 cogere
295 775 333 809 in
357 787 521 821 pugnam
547 781 609 822 38,
630 783 675 813 24

140 823 360 858 colleetzzum
408 828 571 868 sequente
611 827 775 870 plurali·

188 870 368 907 exercitus
407 871 470 917 qui
500 874 711 926 repeterent
742 879 773 919 8,

190 923 231 953 13
282 919 483 955 consilium.
523 921 586 965 qui
609 922 773 966 postula-

187 967 321 1000 verunt
345 971 451 1009 45,1

142 1015 367 1049 commeatus
392 1014 568 1050 frumenti
593 1019 654 1059 21,
678 1020 719 1051 17

141 1061 396 1095 commendare
422 1061 620 1097 memoriae
648 1067 684 1106 1,
707 1067 747 1097 11

139 1108 398 1142 commercium
420 1109 579 1153 praedae
598 1120 773 1155 magnum

186 1157 247 1198 21,
268 1158 313 1190 20

138 1202 342 1236 commotus
369 1202 495 1238 dolore
521 1208 559 1248 4,
581 1209 625 1239 24

138 1258 330 1283 commune
358 1249 563 1294 periculum
594 1256 631 1296 3,
653 1256 696 1287 23
735 1252 774 1287 111

184 1305 377 1331 commune
402 1297 548 1341 proficit
574 1303 635 1342 47,
658 1303 676 1333 7

138 1343 378 1378 commutatio
403 1344 549 1389 imperii
576 1349 637 1389 31,
661 1350 702 1380 15

137 1389 320 1424 concitare
347 1390 524 1435 oppidum
550 1396 611 1434 29,
634 1397 675 1427 11

137 1436 344 1471 conclamat
356 1438 515 1482 populus
531 1443 584 1483 10,
600 1443 643 1474 23
670 1451 771 1475 91191·-

183 1483 278 1517 citus
305 1488 366 1528 50,
387 1489 406 1519 9

136 1529 343 1575 condicere,
370 1533 583 1568 constituere
608 1537 669 1576 41,
691 1538 710 1568 5

135 1576 317 1612 confidere
346 1578 387 1612 in
417 1579 568 1614 deorum
602 1581 770 1626 benigni

181 1624 259 1658 tate
286 1629 323 1668 9,
344 1630 366 1660 4

135 1670 356 1715 coniungere
379 1672 495 1708 filiam
519 1674 617 1710 hosti
643 1679 704 1720 33,
725 1680 767 1712 21

135 1717 355 1753 conlaudare
381 1719 458 1764 aliq
461 1731 546 1755 uem
571 1726 609 1765 4,
630 1726 674 1757 26

135 1763 332 1799 conliditur
356 1767 537 1810 proelium
564 1772 627 1812 30,
648 1774 668 1804 5

134 1812 368 1855 conparuisse
394 1825 576 1858 nusquam
603 1820 663 1860 14,
684 1821 706 1851 4

134 1858 344 1911 conpositus
371 1862 546 1897 membris
574 1867 634 1907 16,

133 1905 299 1941 conscius
324 1907 463 1944 formae
492 1913 551 1954 12,
574 1914 617 1944 14

124 1956 332 1990 ,consecutio
346 1959 560 2001 temporum
581 1959 712 1996 suadet
727 1962 768 1996 ut

175 2002 370 2039 mitterent
409 2008 537 2049 19,13
595 2008 765 2044 hortatur

177 2051 220 2084 ut
243 2050 389 2086 fortiter
411 2056 621 2098 pugnarent
645 2066 764 2100 neque

171 2096 398 2134 desisterent
418 2104 478 2144 27,
494 2105 514 2136 2
553 2104 764 2148 suspectum

170 2143 323 2179 videtur
333 2147 431 2190 quod
442 2149 608 2191 postulas
594 2151 693 2184 ssent
706 2154 765 2189 27

172 2194 221 2224 25
258 2192 377 2228 mittit
394 2195 437 2228 ut
454 2196 624 2239 peterent
648 2201 764 2241 28,14

172 2237 347 2274 hortatur
358 2241 401 2275 ut
416 2241 622 2278 vindicaret
647 2247 763 2286 40,15

173 2286 217 2320 ut
242 2285 290 2320 sit
315 2288 556 2331 providerunt
582 2294 708 2334 49,13

812 166 1041 202 consiliarius
1070 171 1128 210 16,
1150 171 1193 201 23

812 214 1004 249 consilium
1024 224 1225 249 convocare
1246 217 1301 257 20,
1322 217 1365 248 22
1391 219 1447 258 42,

860 265 880 296 3
908 265 962 303 48,
985 265 1004 295 2
1044 272 1174 306 cogere
1194 265 1250 304 37,
1274 265 1315 296 15
1353 261 1446 296 inire

859 312 921 351 40,
945 312 986 342 13
1014 312 1076 351 47,
1099 312 1141 343 16
1180 308 1367 343 dimittere
1390 313 1446 347 46,

863 359 904 389 12
947 355 986 389 111
1019 355 1171 392 consilio
1204 365 1281 389 esse
1317 359 1378 399 23,
1405 360 1446 390 13

858 401 897 436 111
930 402 1122 436 consilium
1158 412 1359 437 convocare
1391 406 1447 443 26,

859 452 879 482 2
902 453 966 492 27,
986 453 1029 483 22
1056 453 1118 491 48,
1139 453 1159 483 2
1198 459 1329 483 vocare
1350 453 1405 493 35,
1427 453 1446 483 9

858 495 964 530 fortis
1001 507 1084 530 cum
1122 495 1275 530 consilio
1315 500 1375 539 15,
1404 500 1446 530 11

859 553 903 577 ex
939 542 1082 577 consilii
1112 543 1296 578 sententia
1320 547 1382 587 28,
1405 547 1447 577 16

859 593 921 633 37,
942 594 986 624 23
1014 594 1075 633 50,
1099 594 1140 624 19

810 635 849 670 111
869 638 1069 681 conspectu
1087 636 1243 672 alicuius
1258 638 1446 677 ambulare

861 687 922 730 12,
945 688 987 720 15

813 733 861 767 ad
886 732 1130 770 constitutum
1154 735 1296 781 venire,
1326 737 1374 772 ad
1399 737 1446 772 Io-

859 791 939 815 cum
964 786 1073 817 const.
1100 787 1163 826 41,
1185 788 1204 818 7

812 829 980 864 consulto
999 840 1056 864 res
1076 830 1218 874 geritur
1238 835 1299 875 22,
1322 836 1363 867 11
1384 836 1445 868 etc.

812 878 1028 911 constructio
1046 881 1227 912 mutatur:
1252 879 1445 914 Helena—

858 923 1000 967 placuit
1025 924 1059 959 91
1084 935 1126 959 9ο
1151 924 1204 959 119
1232 929 1357 969 12,10
1395 927 1445 961 le-

857 971 965 1014 gatos
990 969 1038 1005 ad
1057 971 1215 1015 Mysiam
1241 954 1446 1018 ceterisque

857 1017 948 1051 locis
983 1018 1137 1053 mittunt
1169 1023 1230 1063 24,
1258 1024 1278 1054 2
1325 1022 1447 1056 minus

857 1065 1021 1098 usitata:
1070 1065 1233 1108 graviter
1281 1067 1447 1103 tulerunt

858 1111 1116 1164 crudelitatem
1181 1113 1445 1149 Laomedontis

860 1157 911 1192 sic
949 1169 987 1193 se
1020 1159 1067 1193 ab
1099 1170 1141 1194 eo
1172 1161 1327 1195 tractari
1357 1165 1443 1206 4,1

857 1205 968 1240 simul
978 1205 1159 1241 timebant
1169 1207 1445 1244 multitudinem

856 1253 1114 1299 barbarorum,
1133 1265 1179 1291 ne
1199 1256 1445 1301 obprimeren-

855 1302 918 1335 tur
942 1306 979 1345 4,
1000 1306 1019 1337 3
1057 1303 1262 1338 mirabatur
1287 1304 1442 1343 classem

855 1348 996 1392 regiam
1022 1360 1094 1394 quo
1123 1350 1292 1386 tenderet
1319 1356 1379 1395 11,
1400 1356 1442 1387 21

855 1394 984 1440 sugam
1003 1397 1189 1441 praesidio
1204 1397 1274 1433 sibi
1294 1380 1444 1443 suis⁷que

855 1444 898 1475 ut
923 1442 971 1477 sit
994 1444 1240 1488 providerunt
1268 1449 1396 1490 49,13

809 1489 988 1524 contritus
1013 1492 1117 1525 metu
1141 1496 1203 1535 45,
1225 1496 1244 1526 9

809 1535 989 1580 crispatus
1015 1538 1107 1572 bene
1135 1543 1260 1574 16.10

808 1582 949 1628 crispus
986 1584 1124 1619 Hector
1163 1575 1223 1629 15,
1258 1590 1275 1620 1
1324 1587 1443 1631 crispa

855 1641 960 1665 coma.
987 1635 1046 1675 16,
1070 1636 1111 1666 17

808 1688 891 1711 cum
923 1678 1082 1713 clamore
1112 1682 1174 1723 39,
1194 1682 1214 1713 2
1260 1679 1441 1715 Teuthras

854 1735 937 1758 cum
975 1724 1137 1760 exercitu
1179 1727 1442 1771 superveni-unt

854 1775 910 1815 21,
927 1775 947 1806 2
983 1771 1047 1806 1119
1066 1772 1205 1816 pariter
1225 1784 1307 1808 cum
1328 1774 1441 1809 Aiace

852 1818 968 1853 Locro
988 1830 1062 1854 non
1081 1821 1227 1855 cessant
1251 1831 1335 1856 eum
1359 1832 1440 1865 per-

853 1865 957 1910 sequi
988 1869 1050 1910 26,
1075 1871 1116 1901 11
1160 1867 1325 1902 Achilles
1357 1879 1442 1902 cum

851 1912 1047 1948 Antilocho
1103 1913 1256 1948 veniunt
1310 1919 1373 1959 41,
1420 1919 1440 1950 8

850 1960 1014 1995 Achilles
1043 1971 1127 1995 cum
1151 1960 1349 1996 Antilocho
1374 1961 1442 1995 im-

849 2008 979 2053 petum
1004 2007 1147 2042 faciunt
1171 2012 1233 2051 41,
1256 2012 1297 2042 11

802 2065 929 2090 curare
942 2054 1152 2090 vulneratos
1167 2058 1223 2097 27,
1236 2058 1279 2088 15
1299 2055 1440 2088 saucios

849 2105 910 2145 28,
931 2106 952 2135 4
984 2101 1116 2136 vulnus
1135 2105 1238 2144 40,1
1278 2101 1441 2145 aliquem

801 2197 839 2231 in
865 2194 1055 2229 curatione
1079 2193 1174 2228 mori
1200 2197 1261 2237 28,
1286 2197 1327 2228 19

804 2241 964 2287 Dapsilis
994 2245 1054 2283 16,
1076 2244 1096 2275 5
1120 2244 1161 2274 12
1185 2244 1227 2274 14

805 2290 893 2325 dare
918 2289 1064 2333 tempus
1091 2291 1127 2331 5,
1149 2291 1169 2322 3
1198 2291 1257 2330 12,
1279 2291 1323 2322 20

1598 850 1607 1017 ...nunni—-
1602 834 1607 843 .
1599 781 1607 830 ...n-
1600 745 1607 776 ..n
