1607 2536
199 134 253 174 10
632 133 839 169 DARETIS
865 134 1066 170 PHRYGII

196 230 401 283 populum
423 230 566 270 venire
593 229 728 282 iubet,
754 230 1078 271 commonefacit
1099 230 1208 272 filios
1216 263 1227 283 ,
1252 234 1299 271 ut
1323 231 1506 272 maiores

197 291 300 328 natu
332 287 568 328 minoribus
600 288 877 341 imperarent,
901 289 1158 329 monstravit
1195 303 1299 343 quas
1328 289 1506 330 iniurias

198 346 348 387 Graeci
374 345 569 387 Troianis
594 346 814 387 fecissent:
843 347 896 388 ob
923 346 1001 387 hoc
1027 346 1291 388 Antenorem
1317 347 1506 402 legatum

197 405 241 445 in
268 403 489 445 Graeciam
521 404 705 458 misisse,
736 407 785 446 ut
816 404 896 445 sibi
928 404 1162 446 Hesionam
1196 419 1382 446 sororem
1414 406 1507 446 red-

161 463 345 503 5<1erent
372 465 415 503 et
446 462 548 503 satis
577 462 773 504 Troianis
803 463 1009 504 facerent:
1041 463 1305 504 Antenorem
1332 478 1355 504 a
1382 462 1506 505 Grais

145 766 177 789 10

197 521 499 562 contumeliose
524 523 754 562 tractatum
780 535 916 575 neque
946 522 998 562 ab
1024 521 1092 562 his
1119 522 1344 576 quicquam
1375 522 1509 576 impe-

195 582 309 629 trare
340 579 548 633 potuisse:
581 580 746 633 placeie
778 580 859 621 sibi
888 579 1178 621 Alexandnnn
1209 580 1254 620 in
1287 579 1507 621 Giaeciam

196 637 309 678 mitti
341 652 436 678 cum
469 638 602 679 classe
636 638 708 692 qui
741 638 808 679 avi
839 639 905 680 sui
936 641 1117 679 mortem
1149 642 1190 679 et
1224 638 1505 680 Troianorum

196 696 372 737 iniurias
399 696 637 737 ulciscatur.
678 696 942 737 Antenorem
969 696 1104 737 dicere
1126 696 1268 750 iussit,
1294 697 1509 751 quomodo

197 755 242 794 in
286 753 464 795 Graecia
506 757 713 796 tractatus
763 757 885 796 esset.
959 755 1154 796 Antenor
1201 754 1396 796 hortatus
1442 759 1507 796 est

197 812 421 866 Troianos,
452 827 505 853 ne
537 813 846 866 horrescerent,
877 813 930 854 ad
963 813 1258 854 debellandam
1285 811 1506 854 Graeciam
1549 833 1553 836 ’
1596 816 1599 818 ’

197 885 295 912 suos
340 870 565 912 alacriores
609 871 727 925 fecit,
772 871 918 925 paucis
963 871 1269 913 demonstravit
1313 886 1420 926 quae
1461 872 1507 912 in

197 929 374 970 Graecia
411 932 612 984 gesserat.
679 929 874 971 Priamus
919 929 1040 984 dixit,
1088 930 1124 971 si
1161 930 1227 971 cui
1265 929 1506 984 displiceret

195 988 354 1028 bellum
405 987 513 1042 geri,
558 1002 678 1029 suam
726 989 990 1029 voluntatem
1047 988 1239 1030 ediceret.
1311 988 1505 1029 Panthus

160 1057 175 1081 ῠ
195 1045 366 1087 Priamo
408 1049 450 1087 et
491 1046 743 1101 propinquis
780 1046 922 1100 prodit
960 1061 1026 1101 ea,
1070 1061 1177 1101 quae
1210 1061 1234 1087 a
1270 1050 1391 1101 patre
1430 1061 1506 1088 suo

194 1104 429 1158 Euphorbo
456 1104 664 1155 audierat,
691 1104 827 1146 dicere
847 1106 986 1159 coepit
1012 1105 1047 1156 si
1066 1104 1307 1146 Alexander
1332 1119 1506 1146 uxorem

196 1163 246 1204 de
291 1161 469 1204 Graecia
509 1163 770 1217 adduxisset,
813 1163 1008 1205 Troianis
1053 1166 1286 1204 extremum
1330 1163 1505 1204 exitium

194 1222 402 1275 futurum,
446 1222 518 1262 sed
561 1221 778 1275 pulchrius
819 1236 909 1263 esse
952 1222 997 1263 in
1042 1222 1128 1263 otio
1166 1222 1297 1263 vitam
1342 1222 1506 1277 degere,

196 1294 323 1334 quam
354 1280 400 1320 in
437 1280 623 1321 tumultu
661 1280 902 1321 libertatem
935 1280 1128 1322 amittere
1171 1281 1231 1332 [et
1270 1281 1504 1333 periculum

142 1349 164 1373 ει
194 1338 333 1390 inire}
399 1339 582 1392 populus
615 1339 911 1380 auctoritatem
942 1338 1100 1380 Panthi
1131 1338 1403 1392 contempsit,
1443 1352 1506 1379 re-

196 1410 292 1451 gem
325 1396 462 1438 dicere
494 1397 710 1438 iusserunt
747 1397 847 1452 quid
873 1398 998 1438 vellet
1028 1397 1129 1438 fieri.
1178 1396 1373 1438 Priamus
1399 1397 1506 1438 dixit

195 1469 324 1496 naves
351 1455 665 1509 praeparandas
692 1469 802 1509 esse,
833 1459 881 1497 ut
900 1459 1020 1497 eatur
1045 1456 1090 1497 in
1120 1454 1357 1509 Graeciam,
1383 1459 1505 1496 uten-

196 1514 290 1554 silia
329 1528 495 1568 quoque
527 1514 685 1568 populo
717 1528 805 1555 non
837 1514 992 1556 deesse.
1053 1515 1235 1568 populus
1268 1514 1505 1555 conclama-

194 1572 257 1613 vit
286 1586 362 1626 per
395 1586 438 1613 se
470 1587 635 1614 moram
665 1587 754 1614 non
791 1586 900 1626 esse,
942 1587 1024 1627 quo
1062 1573 1203 1614 minus
1239 1572 1352 1627 regis
1383 1586 1505 1626 prae-

143 1641 176 1665 2’5
200 1630 332 1684 ceptis
371 1633 581 1684 pareatur.
643 1630 840 1672 Priamus
871 1631 955 1672 illis
994 1645 1172 1686 magnas
1214 1631 1373 1685 gratias
1405 1631 1505 1685 egit,

196 1689 525 1743 concionemque
558 1689 729 1731 dimisit.
781 1704 828 1730 ac
853 1704 952 1731 mox
983 1691 1027 1731 in
1053 1690 1173 1730 Idam
1201 1690 1349 1730 silvam
1375 1689 1504 1742 misit,

196 1747 268 1801 qui
299 1747 519 1788 materiem
553 1747 830 1802 succiderent,
866 1762 996 1790 naves
1029 1747 1315 1801 aedificarent,
1346 1746 1502 1788 Hecto-

292 1914 308 1943 1
336 1908 432 1943 filios
459 1910 497 1943 et
522 1910 563 1943 ut
589 1909 639 1943 M
646 1908 679 1943 G
708 1910 746 1943 et
771 1919 836 1943 om.
862 1909 898 1943 B
916 1909 1058 1954 {diique
1154 1913 1173 1943 2
1200 1909 1414 1954 inperarent
1440 1909 1472 1944 G
1495 1908 1500 1954 Ι

194 1955 418 1990 monstrauit
443 1966 507 1990 om.
536 1955 569 1990 G
665 1959 686 1989 4
711 1955 874 1991 Hesiona
901 1956 1118 1991 redderetur
1150 1966 1250 1991 soror
1277 1955 1310 1991 G
1406 1960 1426 1990 5
1452 1956 1503 1990 fe·

194 2003 331 2036 cissent
369 2002 402 2037 G
512 2006 530 2036 7
569 2002 608 2036 in
645 2013 711 2036 om.
749 2003 799 2037 M
892 2007 912 2038 8
948 2003 1005 2038 3111
1039 2014 1104 2038 om.
1141 2004 1243 2046 libri,
1281 2003 1384 2037 habet
1418 2003 1501 2037 edit.

201 2048 319 2083 Vener.
348 2052 438 2083 1499
537 2053 581 2082 14
613 2049 954 2085 suam—ediceret
986 2060 1050 2085 om.
1080 2050 1130 2084 M
1225 2052 1266 2084 16
1292 2049 1443 2084 euforuo
1470 2049 1503 2084 G

193 2095 347 2130 euforbo
375 2096 424 2129 M
443 2097 447 2138 1
469 2096 512 2129 ut
539 2095 569 2129 si
596 2096 645 2129 M
651 2096 684 2130 G
733 2096 764 2130 si
789 2096 825 2130 R
923 2100 965 2130 17
999 2097 1157 2132 exicium
1183 2096 1217 2131 G
1314 2100 1356 2131 18
1381 2095 1500 2130 factu-

193 2153 275 2176 rum
297 2142 346 2176 M
365 2143 369 2184 1
392 2141 587 2186 pulchrum
609 2142 658 2175 M
665 2141 698 2176 G
746 2142 910 2187 pulcrius
938 2142 1011 2178 VR
1033 2147 1037 2186 Ι
1060 2143 1141 2178 ocio
1161 2143 1195 2178 G
1288 2146 1329 2177 19
1349 2143 1388 2176 et
1405 2141 1502 2187 peri-

194 2189 316 2222 culum
350 2188 444 2223 inire
479 2198 545 2223 om.
585 2188 620 2222 V
650 2199 724 2223 non
758 2190 849 2224 male
946 2193 990 2225 20
1024 2188 1336 2234 populus—fieri
1370 2198 1435 2223 om.
1469 2188 1503 2222 G

193 2239 236 2269 22
263 2238 305 2269 ut
329 2235 369 2269 in
394 2247 448 2280 gr.
476 2236 581 2269 eatur
607 2234 640 2269 G
688 2237 731 2270 ut
763 2238 852 2270 eant
881 2235 920 2270 in
945 2248 999 2280 gr.
1027 2237 1076 2270 M
1171 2240 1214 2270 ’23
1241 2245 1320 2270 0330
1346 2235 1380 2270 G
1402 2236 1406 2278 ξ
1429 2235 1503 2269 ela-

192 2282 311 2316 mauit
332 2281 365 2316 G
461 2285 506 2316 24
525 2281 735 2326 praeceptis
755 2282 853 2327 regis
875 2282 907 2316 G
998 2286 1041 2317 25
1061 2284 1192 2328 pareat
1208 2282 1258 2316 M
1353 2286 1396 2316 26
1417 2292 1503 2316 con-

192 2329 407 2373 tionemque
435 2328 483 2362 M
504 2330 507 2371 J
531 2338 630 2362 ac—
647 2328 884 2363 aedificarent
910 2339 973 2364 om.
1003 2329 1059 2363 M.
