1607 2536
96 148 238 178 XXXVI
587 128 917 164 PRAEFATIO.

310 228 381 269 diu
412 227 495 268 Wol
526 226 605 267 mit
635 224 900 266 ellentricher
931 223 1039 265 craft

309 286 421 327 nach
453 284 592 325 werde
622 283 699 324 hat
731 296 959 338 gerungen.

216 346 333 387 Inter
374 359 445 386 eos
487 344 558 398 qui
589 342 785 383 Troianis
828 341 985 382 auxilio
1026 342 1233 381 venerunt
1271 341 1415 382 nomi-⁴

98 407 256 447 nantur
306 404 360 459 (v.
412 400 574 457 24881)
615 400 890 442 Alchimeliar
940 399 1008 440 ein
1049 399 1186 440 richer
1235 399 1408 452 markis,

97 463 355 505 Florminius
389 462 462 502 der
491 461 629 501 kiinec
659 473 744 500 von
777 457 1012 512 Schaldeie,
1055 457 1214 499 Esoras
1251 458 1408 511 herzog

100 537 186 564 von
216 521 424 576 Aggaron
455 522 531 560 etc.
592 518 643 559 In
667 518 719 559 iis
752 532 859 572 quae
887 518 1120 572 sequuntur
1139 531 1285 557 rursus
1316 516 1416 557 lon-·

101 581 290 636 gioribus
330 577 665 634 digressionibus
699 576 767 630 (ex
798 575 947 618 Ovidio
969 577 1010 616 et
1037 574 1172 616 Statio
1205 573 1406 628 sumptis)

100 640 149 681 de
190 639 355 680 Achille
398 637 525 691 Scyro
568 635 815 677 arcessendo
857 637 899 676 et
939 634 988 675 de
1031 636 1167 675 morte
1210 632 1406 674 Herculis

101 699 252 753 agitur.
327 696 435 737 Tum
478 698 604 749 poeta
647 694 783 735 denuo
829 693 881 734 ad
917 692 1194 733 Benedictum
1224 691 1335 732 redit
1366 693 1407 731 et

99 757 238 811 prima
268 755 429 810 proelia
461 754 572 808 apud
603 753 774 794 Troiam
806 752 1031 793 commissa
1060 750 1269 791 describit.
1331 748 1409 790 Ge-

100 816 280 857 nuinum
312 813 497 855 Conradi
529 826 699 853 carmen
729 825 861 865 usque
892 810 945 850 ad
973 824 1009 850 v.
1030 809 1176 849 40424
1208 808 1409 862 pertinet:

102 888 208 929 quae
242 874 475 927 sequuntur
507 871 560 911 ab
598 871 745 925 ignoto
782 869 954 910 homine
999 868 1142 908 addita
1179 869 1295 920 sunt,
1340 867 1411 920 qui

46 973 52 979 ,
102 948 197 974 cum
233 945 370 986 neque
407 929 579 985 ingenio
616 942 752 982 neque
794 927 986 968 doctrina
1021 940 1156 980 neque
1198 925 1411 980 elegantia

103 990 298 1033 Conrado
337 1004 414 1043 par
457 990 586 1041 esset,
629 987 709 1028 hoc
749 988 916 1027 tantum
960 985 1040 1026 sibi
1080 984 1320 1038 proposuit,
1363 985 1414 1023 ut

102 1050 349 1091 inchoatam
391 1047 680 1088 narrationem
724 1045 776 1085 ad
818 1045 947 1085 finem
990 1043 1246 1097 perduceret.
1319 1041 1413 1082 Hoc

102 1108 234 1163 igitur
263 1108 325 1148 ita
356 1106 471 1160 fecit,
502 1108 550 1146 ut
580 1104 782 1145 Daretem
813 1103 1037 1157 praecipue
1075 1103 1217 1142 autem
1254 1100 1414 1154 Dictyn

104 1181 209 1222 quos
240 1166 376 1207 latina
406 1165 554 1219 lingua
584 1162 738 1217 legisse
764 1161 1037 1202 manifestum
1063 1162 1128 1201 est
1160 1161 1414 1213 sequeretur.

222 1223 465 1266 Conradum
498 1224 732 1276 sequuntur
763 1220 845 1261 duo
866 1220 963 1260 libri
982 1234 1105 1260 mscr.
1130 1218 1413 1259 bibliothecae

103 1283 372 1325 Monacensis
382 1280 427 1337 ¹),
457 1296 567 1322 unus
587 1280 684 1334 „der
714 1278 970 1320 troianische
989 1276 1146 1332 Krieg“
1165 1277 1252 1317 cod.
1285 1290 1415 1330 germ.

104 1342 191 1384 570
231 1342 284 1382 ab
324 1340 470 1382 Ulrico
512 1339 822 1380 VVeickmanno
864 1337 934 1378 fol.
976 1336 1178 1377 92—161
1222 1350 1257 1376 a.
1303 1334 1412 1375 1457

106 1401 304 1455 scriptus,
346 1400 452 1440 alter
489 1413 584 1440 cum
620 1397 701 1438 hoc
737 1396 824 1437 fere
862 1395 1131 1436 consentiens
1168 1394 1267 1446 „das
1305 1393 1416 1434 bu‘ch

104 1475 190 1501 von
230 1458 381 1500 Troia“
426 1457 514 1499 cod.
553 1470 682 1511 germ.
721 1455 805 1496 579
849 1454 918 1495 fol.
960 1453 1208 1506 164--222‚
1251 1452 1295 1492 in
1333 1465 1415 1506 quo

108 1519 186 1560 sub
219 1518 349 1558 finem
381 1531 517 1570 pauca
548 1516 711 1556 desunt.

223 1576 367 1617 Etiam
388 1572 595 1628 Gothae2)
615 1573 722 1614 liber
753 1574 817 1613 est
847 1571 1085 1625 prosaicam
1116 1570 1217 1610 belli
1243 1568 1416 1609 Troiani

107 1635 433 1688 descriptionem
465 1633 705 1685 continens,
749 1631 821 1685 qui
854 1629 1096 1672 Conradum
1128 1630 1238 1670 certe
1269 1627 1314 1668 in
1346 1641 1414 1682 ge-

106 1694 239 1735 nuina
271 1693 358 1734 eius
390 1694 522 1746 parte,
553 1692 598 1731 in
628 1690 800 1744 reliquis
833 1688 1069 1729 Guidonem
1102 1687 1301 1741 sequitur.

225 1751 421 1806 Vestigia
452 1750 659 1804 quaedam
688 1748 814 1788 huius
847 1747 984 1801 operis
1017 1746 1144 1786 etiam
1177 1744 1287 1798 apud
1318 1743 1419 1784 Ru-

108 1811 294 1863 dolfum
313 1811 364 1851 (Ζο
383 1809 577 1850 Amisia
591 1806 624 1861 ὃ)
656 1807 701 1847 111
731 1807 840 1847 libro
874 1820 998 1860 quem
1026 1804 1243 1857 inscripsit
1260 1802 1419 1856 „West-

109 1869 311 1911 chronik“
346 1870 387 1909 et
425 1867 536 1922 apud
567 1867 674 1907 Ιοα.
713 1861 1017 1917 Βαοῖιδίὶιυι4)
1054 1863 1100 1903 in
1137 1863 1225 1903 eius
1262 1861 1418 1902 fabulis

107 1928 246 1970 medio
268 1930 387 1969 sexto
403 1927 565 1967 decimo
582 1924 747 1966 saeculo
769 1923 936 1977 scriptis
958 1921 1341 1976 deprehenduntur,
1354 1919 1417 1959 in-

107 1987 257 2041 primis
289 1986 412 2026 initio
431 1984 661 2037 Historiae,
680 1983 771 2036 „die
790 1981 1050 2035 Zerst'orung
1082 1980 1154 2020 der
1172 1979 1417 2033 mechtigen

112 2047 198 2087 stat
217 2043 424 2098 Troya‘ffi)
457 2046 498 2084 et
527 2043 628 2097 „das
648 2041 773 2082 urteil
792 2038 1025 2093 Paridis“6)
1058 2053 1153 2079 cum
1172 2038 1217 2078 in
1238 2036 1421 2078 secunda

109 2106 230 2159 parte
249 2103 532 2158 „Beraubung
552 2100 715 2141 Helena
731 2098 815 2140 auss
836 2097 1175 2139 ΚΓ1001101113111(1(ζ
1194 2095 1421 2137 manifesto

211 2255 235 2299 ¹)
262 2254 487 2288 Frommann
512 2252 535 2286 l.
554 2252 577 2285 1.
597 2254 712 2296 11351
736 2250 779 2284 cf.
807 2250 957 2294 Dunger
982 2248 1004 2283 l.
1031 2249 1054 2282 1.
1081 2260 1115 2292 p.
1145 2251 1199 2281 68.
1276 2245 1301 2287 2)
1322 2245 1421 2279 Dun-

37 2328 40 2330 .
112 2312 178 2347 ger
211 2301 235 2335 1.
261 2301 285 2335 l.
319 2313 353 2345 p.
389 2304 443 2335 69.
543 2298 569 2342 3)
602 2299 753 2342 Dunger
783 2296 931 2330 ibidem.
1029 2295 1056 2339 4)
1090 2295 1241 2338 Dunger
1272 2291 1421 2326 ibidem.

67 2366 74 2373 «
115 2350 147 2394 ⁵)
176 2348 271 2383 edid.
299 2347 429 2382 Adelb.
456 2347 501 2381 de
527 2345 652 2380 Keller
677 2345 711 2378 H
739 2347 815 2378 154.
892 2343 917 2387 6)
944 2342 1084 2377 ibidem
1108 2353 1143 2386 p.
1173 2343 1249 2374 148.
