1607 2536
354 113 415 148 DE
444 111 639 148 EXCIDIO
668 111 846 147 TROIAE
876 112 1118 147 HISTORIA.
1337 114 1391 155 39

81 210 271 263 transiit,
315 208 456 264 prodit
499 209 545 249 in
581 208 719 262 primo
760 207 927 249 Troilus
968 208 1105 249 caedit
1142 210 1393 262 prosternit:

82 268 234 324 Argivi
276 267 423 323 fugam
467 281 563 309 cum
612 267 796 308 clamore
839 266 1043 308 fecerunt.
1116 267 1303 309 Achilles
1348 272 1394 309 ut

83 327 384 369 animadvertit
428 326 618 368 Troilum
668 325 868 366 iracunde
919 326 1079 367 saevire
1129 329 1171 367 et
1221 326 1394 381 Argivis

83 386 289 427 insultare
346 385 555 439 simulque
601 384 690 425 sine
734 384 1051 426 intermissione
1104 384 1393 439 Myrmidones

82 447 369 498 prosternere,
407 443 598 498 procedit
628 443 672 483 in
704 443 874 484 bellum.
905 477 907 480 Α
937 457 1062 498 quem
1095 443 1262 485 Troilus
1295 458 1392 486 con·
1413 455 1429 480 5

81 503 205 545 tinuo
237 503 394 557 excipit
425 505 466 544 et
494 502 667 544 sauciat.
728 501 917 543 Achilles
950 502 1000 543 de
1032 503 1192 556 proelio
1228 503 1395 544 saucius

82 561 203 603 redit.
265 564 482 616 pugnatur
518 560 731 602 continuis
771 561 920 602 diebus
959 575 1042 602 sex.
1105 561 1170 602 die
1213 561 1394 615 septimo

82 619 185 661 dum
211 620 379 675 utrique
405 619 612 661 exercitus
639 619 799 674 proelio
831 619 944 661 facto
974 619 1085 661 inter
1112 634 1155 661 se
1187 623 1395 675 pugnant,

82 678 291 733 Achilles,
335 679 407 734 qui
451 678 613 733 aliquot
657 678 744 720 dies
783 681 957 720 vexatus
995 678 1041 719 in
1078 692 1268 733 pugnam
1306 693 1395 720 non

82 738 316 791 prodierat,
360 737 649 792 Myrmidones
687 737 879 778 instruit:
926 737 1156 792 alloquitur
1187 737 1394 790 hortatur,
1417 750 1448 774 10

82 798 132 837 ut
167 796 334 838 fortiter
376 796 687 850 inpressionem
723 796 769 836 in
807 795 996 837 Troilum
1041 796 1212 837 faciant.
1279 799 1395 850 post-

83 869 212 909 quam
256 855 392 897 maior
434 869 532 909 pars
578 855 661 896 diei
704 854 893 907 transiit,
946 854 1089 909 prodit
1133 854 1300 896 Troilus
1345 869 1395 896 ex

82 927 192 968 equo
223 914 372 955 laetus.
425 913 578 968 Argivi
608 913 795 955 maximo
828 913 1010 955 clamore
1042 913 1188 969 fugam
1221 913 1395 967 faciunt,

83 971 373 1026 Myrmidones
406 974 757 1026 supervenerunt,
789 972 1099 1026 inpressionem
1131 972 1175 1013 in
1203 971 1394 1014 Troilum

81 1030 263 1085 faciunt,
301 1031 351 1072 de
389 1045 569 1086 quorum
600 1044 777 1072 numero
810 1030 933 1071 multi
965 1045 989 1072 a
1020 1030 1164 1072 Troilo
1198 1031 1447 1072 occidun-15

82 1092 170 1130 tur:
198 1090 297 1131 dum
324 1090 477 1131 acriter
495 1089 777 1143 proeliantur,
803 1103 936 1144 equus
957 1090 1204 1131 vulneratus
1225 1090 1394 1143 corruit,

81 1147 274 1190 Troilum
311 1148 551 1203 inplicitum
590 1148 759 1189 excutit.
827 1148 940 1189 Eum
978 1148 1061 1190 cito
1096 1148 1284 1189 Achilles
1324 1148 1394 1189 ad-

81 1207 256 1248 veniens
306 1206 476 1260 occidit,
531 1221 582 1248 ex
637 1206 798 1261 proelio
847 1207 1015 1248 trahere
1066 1207 1224 1261 coepit,
1282 1207 1395 1262 quod

82 1264 272 1307 Achilles
309 1266 552 1307 interventu
591 1264 832 1307 Memnonis
871 1266 1081 1320 complere
1120 1279 1207 1307 non
1239 1266 1405 1320 potuitb

83 1324 313 1366 adveniens
346 1324 458 1365 enim
489 1323 694 1366 Memnon
731 1327 773 1365 et
807 1323 939 1366 Troili
977 1339 1131 1379 corpus
1164 1325 1319 1379 eripuit
1351 1327 1393 1366 et
1412 1336 1445 1360 ‘20

83 1383 295 1424 Achillem
318 1383 490 1424 vulnere
511 1383 727 1425 sauciavit.
765 1382 953 1425 Achilles
977 1384 1027 1425 de
1048 1383 1208 1437 proelio
1228 1383 1394 1425 saucius

81 1441 219 1483 rediit.
268 1441 472 1483 Memnon
499 1442 667 1497 insequi
687 1456 782 1483 eum
803 1456 898 1484 cum
918 1442 1064 1483 multis
1085 1442 1242 1496 coepit,
1270 1456 1396 1496 quem

181 1574 197 1603 1
225 1569 365 1614 prodiit
389 1569 423 1603 L
445 1571 449 1613 1
472 1569 510 1604 in
535 1570 655 1614 primo
682 1570 785 1611 libri,
816 1569 923 1614 vuvzqo
955 1569 994 1604 in
1019 1569 1159 1614 proelio
1183 1571 1186 1611 ἦ
1210 1568 1308 1604 cedit
1335 1569 1396 1604 de-

83 1617 210 1651 uastat
228 1616 431 1661 prosternit
445 1615 479 1651 G
563 1620 582 1650 2
604 1617 647 1651 A.
667 1627 750 1652 cum
770 1616 866 1651 uidit
882 1615 916 1651 G
1000 1620 1020 1650 3
1041 1616 1216 1651 iracunde
1237 1616 1394 1661 saevire]

82 1663 138 1697 ita
163 1662 330 1698 deseuire
357 1663 391 1698 G
412 1663 417 1709 l
439 1663 508 1698 ins.
535 1674 613 1709 arg.
641 1663 674 1698 G
770 1667 792 1698 4
825 1662 1008 1707 simulque
1041 1674 1068 1697 s.
1095 1663 1241 1698 interm.
1268 1673 1335 1698 om.
1363 1663 1397 1698 G

82 1714 104 1745 5
130 1710 378 1756 prosternere]
413 1710 459 1745 ab
492 1720 535 1745 eo
568 1710 687 1745 occidi
722 1710 871 1756 argiuos
913 1710 1082 1745 laborare
1115 1709 1149 1745 G
1177 1713 1181 1752 Ι
1210 1710 1395 1755 procedit]

82 1756 258 1802 prosiluit
291 1768 375 1792 cum
405 1757 565 1792 clamore
598 1756 632 1792 G
660 1759 664 1801 1
694 1767 778 1792 eum
810 1758 906 1792 cont.
939 1758 985 1792 tr.
1013 1756 1046 1792 G
1143 1761 1163 1792 6
1190 1757 1336 1802 excepit
1363 1757 1397 1792 G

82 1807 104 1838 7
136 1803 249 1838 rediit
278 1803 312 1838 L
339 1806 343 1846 Ι
372 1806 468 1839 cont.
500 1804 571 1839 VII
601 1804 731 1840 diebus
764 1803 798 1839 G
894 1808 914 1839 8
947 1816 982 1838 u.
1012 1803 1195 1839 exercitus
1228 1804 1325 1838 inter
1357 1814 1396 1838 se

81 1849 225 1896 proelio
250 1850 446 1886 commisso
471 1850 690 1897 fugarentur
710 1851 743 1886 G
765 1854 769 1895 1
792 1851 971 1896 fugantur
989 1850 1023 1884 L
1072 1852 1243 1896 pugnant
1261 1850 1297 1885 B
1374 1854 1394 1885 9

83 1897 148 1942 qui
173 1907 239 1932 om.
267 1897 300 1932 G
327 1899 332 1942 1
361 1897 513 1943 aliquod
538 1898 571 1932 L
593 1899 598 1941 1
621 1898 752 1933 diebus
781 1898 869 1943 quia
894 1899 1050 1932 uexatus
1077 1897 1198 1932 fuerat
1222 1897 1255 1932 G
1355 1901 1397 1932 10

82 1943 180 1978 hort.
201 1943 263 1979 all.
284 1944 388 1987 libri,
407 1946 619 1989 transposui
705 1949 746 1980 11
768 1948 810 1980 ut
829 1955 895 1979 om.
916 1944 949 1978 L
971 1946 975 1986 1
998 1944 1101 1989 obpr.
1123 1944 1156 1978 L
1179 1948 1182 1982 i
1205 1944 1348 1979 faciunt
1364 1944 1398 1978 L

81 1991 250 2026 facerent
275 1990 309 2026 G
407 1995 448 2026 12
468 1991 587 2032 maior
611 2002 677 2027 om.
704 1992 738 2026 L
759 1994 763 2035 ι
785 1991 922 2027 transit
947 1991 981 2026 G
1079 1995 1120 2026 13
1148 1991 1172 2026 f.
1199 1991 1287 2026 dum
1313 1991 1336 2026 f.
1364 1991 1400 2026 G

86 2041 130 2072 14
155 2037 396 2073 mirmidonas
422 2038 480 2074 his
507 2039 702 2084 suppecias
732 2040 914 2074 uenerunt
939 2038 1140 2073 exercitum
1165 2038 1398 2074 retinuerunt

82 2083 179 2129 inpr.
206 2084 241 2120 G
344 2089 387 2120 15
414 2085 458 2120 de
474 2106 515 2110 ——
531 2086 764 2132 occiduntur]
787 2085 850 2120 ille
885 2085 1021 2120 multos
1053 2085 1190 2120 occidit
1221 2085 1255 2120 G
1355 2089 1398 2120 16

84 2131 290 2176 proeliatur
315 2131 349 2167 G
371 2134 375 2177 Ι
398 2142 538 2177 aequus
563 2132 598 2167 L
696 2136 737 2168 17
764 2132 916 2168 ueniens
942 2132 976 2166 L
1075 2137 1116 2167 18
1146 2132 1226 2177 ipso
1253 2133 1338 2167 add.
1365 2132 1398 2166 L

77 2181 164 2222 post
188 2189 233 2213 ex
261 2181 264 2223 Ι
294 2179 392 2224 quod
407 2199 450 2204 —
465 2179 604 2226 potuit]
642 2182 679 2216 et
705 2180 952 2216 subtraxisset
976 2179 1048 2214 nisi
1073 2190 1244 2214 memnon
1271 2190 1397 2224 super-

84 2223 249 2260 uenisset
280 2226 472 2272 suppetias
500 2226 534 2261 G
635 2231 680 2263 20
712 2228 750 2263 et
779 2227 862 2262 add.
895 2227 928 2260 L
953 2229 1038 2270 post
1068 2226 1242 2261 Memnon
1352 2230 1394 2260 21

83 2270 227 2306 sauciat
245 2270 279 2306 G
301 2274 304 2316 Ι
328 2273 469 2308 sautius
491 2273 525 2308 G
617 2278 662 2309 22
688 2274 786 2309 redit
811 2273 845 2309 G
867 2273 871 2319 Ι
894 2284 1064 2308 memnon
1086 2273 1294 2317 insequitur
1313 2283 1398 2308 eum

84 2319 123 2352 et
148 2328 232 2352 cum
256 2319 384 2354 multis
410 2320 677 2365 inpressionem
702 2321 804 2356 facit.
