1607 2536
378 98 440 132 DE
466 97 662 132 EXCIDlO
690 97 867 132 TROIAE
895 97 1135 132 HISTORIA.
1356 100 1406 139 11

100 207 188 234 rem
215 194 260 234 in
287 193 545 247 superiorem
574 192 807 246 Phrygiam
832 193 967 245 misit,
999 196 1047 233 ut
1075 193 1304 234 exercitum
1336 209 1409 247 pa-

99 255 213 293 raret
245 253 306 304 [et
335 252 396 293 ita
427 253 600 305 paratus
627 252 722 302 est].
772 249 1013 293 Cassandra
1038 254 1267 306 postquam
1294 253 1409 293 audi-

98 311 160 351 vit
208 310 342 364 pat-ris
393 309 634 363 consilium,
684 309 820 350 dicere
864 310 1003 364 coepit
1060 324 1167 364 quae
1214 310 1408 352 Troianis

99 370 241 410 futura
286 371 445 422 essent,
491 368 526 409 si
569 367 764 409 Priamus
808 371 1095 422 perseveraret
1139 369 1316 410 classem
1364 369 1409 410 in

100 427 322 468 Graeciam
353 427 532 468 mittere.

216 485 289 527 IX.
338 485 507 527 Interea
528 488 696 539 tempus
723 486 985 539 supervenit:
1006 499 1135 527 naves
1166 486 1408 527 aedificatae

99 547 215 597 sunt,
256 544 412 585 milites
445 547 796 597 supervenerunt,
829 558 934 598 quos
967 544 1208 585 Alexander
1237 548 1279 585 et
1310 543 1408 585 Dei—

97 602 264 656 phobus
296 603 341 644 in
366 601 555 644 Paeonia
580 603 807 657 elegerant.
855 606 897 643 et
928 602 1001 643 ubi
1026 602 1163 643 visum
1196 606 1261 643 est
1292 604 1408 644 navi-

99 662 192 716 gari
214 675 356 715 posse,
384 660 579 702 Priamus
599 661 829 702 exercitum
851 661 1097 715 alloquitur,
1117 661 1407 702 Alexandrum

96 720 395 774 imperatorem
425 719 627 760 exercitui
652 720 859 773 praeficit,
886 719 1020 760 mittit
1039 734 1134 761 cum
1153 733 1202 761 eo
1223 719 1407 774 Deipho-

100 779 201 819 bum
222 778 398 819 Aenean
418 777 771 832 Polydamantem
791 778 1055 832 imperatque
1079 778 1334 832 Alexandro,
1361 782 1408 819 ut

96 837 281 890 primum
309 835 506 891 Spartam
533 836 720 890 accedat,
753 835 974 878 Castorem
1001 840 1043 877 et
1068 836 1284 878 Pollucem
1311 851 1408 878 con·

95 895 241 936 veniat
269 898 311 937 et
343 895 395 936 ab
426 895 493 936 his
524 898 660 949 petat,
692 899 740 936 ut
764 895 954 936 Hesiona
986 909 1105 936 soror
1135 895 1336 937 reddatur
1366 899 1408 937 et

77 954 201 995 -satis
228 953 425 995 Troianis
451 954 542 995 fiat:
576 954 688 1008 quod
715 954 751 995 si
775 956 1022 1008 negassent,
1055 954 1257 995 continuo
1285 954 1336 995 ad
1364 968 1408 995 se

96 1012 296 1053 nuntium
333 1013 498 1065 mittat,
546 1015 595 1054 ut
644 1012 873 1053 exercitum
916 1012 1053 1066 possit
1096 1012 1141 1053 in
1185 1011 1407 1054 Graeciam

96 1071 275 1112 mittere.
336 1074 435 1125 post
464 1070 569 1112 haec
594 1071 837 1112 Alexander
864 1071 909 1111 in
936 1069 1158 1112 Graeciam
1189 1071 1407 1126 navigavit

96 1129 278 1171 adducto
317 1143 459 1171 secum
491 1129 594 1171 duce
627 1143 694 1183 eo,
736 1130 808 1184 qui
840 1143 935 1170 cum
967 1130 1185 1171 Antenore
1216 1131 1302 1170 iam
1333 1144 1406 1170 na-

95 1188 318 1243 vigaverat.
378 1202 467 1229 non
498 1188 655 1229 multos
688 1191 787 1229 ante
820 1188 908 1229 dies
939 1203 1066 1242 quam
1091 1188 1333 1229 Alexander
1363 1189 1407 1229 in

96 1245 317 1288 Graeciam
349 1247 585 1301 navigavit,
620 1249 662 1287 et
688 1250 918 1301 antequam
944 1246 1128 1288 insulam
1155 1245 1407 1300 Cytheream

97 1305 330 1358 accederet,
361 1304 580 1346 Menelaus
614 1305 666 1346 ad
697 1304 924 1346 Nestorem
956 1304 1108 1359 Pylum
1137 1305 1406 1359 proficiscens

95 1363 338 1405 Alexandro
382 1364 427 1404 in
471 1364 622 1405 itinere
663 1364 846 1405 occurrit
882 1367 925 1405 et
961 1364 1196 1405 mirabatur
1228 1364 1407 1405 classem

95 1422 257 1477 regiam
291 1436 374 1477 quo
406 1422 610 1464 tenderet.
659 1423 827 1477 utrique
855 1425 1122 1464 occurrentes
1152 1425 1409 1476 aspexerunt

97 1495 140 1522 se
171 1480 352 1522 invicem
384 1481 507 1522 inscii
534 1495 617 1535 quo
650 1481 828 1535 quisque
860 1481 950 1522 iret.
1001 1479 1153 1522 Castor
1185 1484 1228 1522 et
1255 1480 1407 1522 Pollux

97 1539 149 1580 ad
187 1538 512 1593 Clytemestram
558 1540 694 1580 ierant
739 1553 881 1581 secum
917 1538 1195 1580 Hermionam
1234 1542 1407 1593 neptem

191 1694 210 1724 2
238 1692 275 1724 et
308 1690 363 1725 ita
390 1691 545 1734 paratus
577 1692 634 1725 est
658 1690 694 1724 B
721 1701 785 1724 om.
816 1700 885 1725 uon
919 1689 1008 1724 nude
1041 1689 1075 1723 V
1120 1690 1291 1735 paratus]
1324 1701 1407 1735 pro-

94 1735 223 1772 fectus
245 1737 295 1771 M
321 1739 324 1780 1
348 1739 445 1772 esset
477 1735 510 1771 G
606 1742 626 1771 3
657 1737 776 1782 patris
809 1737 1003 1772 consilium
1038 1747 1102 1772 om.
1137 1737 1169 1772 G
1266 1741 1288 1771 4
1324 1748 1406 1781 per—

95 1785 302 1819 seuerasset
329 1784 378 1818 M
472 1788 492 1819 6
513 1784 642 1829 naues]
664 1784 799 1819 classes
822 1784 854 1819 G
952 1788 972 1820 8
992 1783 1155 1829 phoenia
1176 1784 1225 1818 M
1271 1784 1409 1828 peonia.

96 1830 127 1864 G
152 1832 154 1860 l
178 1830 355 1876 nauigare
389 1831 492 1874 libri,
523 1831 696 1876 nauigari
726 1831 950 1866 Dederichus
1055 1836 1097 1865 10
1129 1830 1311 1865 exercitus
1343 1830 1376 1865 G
1400 1831 1403 1875 Ι

95 1876 275 1921 praefecit
301 1878 349 1912 M
356 1877 389 1912 G
438 1877 606 1922 praeficit
629 1878 664 1912 B
764 1883 803 1912 11
826 1877 939 1922 polid.
963 1877 1049 1911 ΜΘ
1074 1882 1077 1919 1
1101 1880 1142 1912 ut-
1157 1898 1197 1902 ——
1214 1878 1319 1922 petat
1339 1888 1405 1912 om.

96 1924 194 1965 libri,
215 1924 298 1959 add.
313 1925 396 1959 edit.
419 1924 537 1960 Venet.
555 1929 644 1960 1499
677 1934 750 1968 pro
769 1925 825 1958 his
838 1935 968 1970 rogare
983 1924 1021 1958 D
1097 1928 1138 1959 13
1159 1935 1260 1959 soror
1280 1924 1358 1960 eius
1373 1924 1407 1959 G

98 1975 140 2004 15
161 1970 342 2006 exereitus
362 1983 398 2016 p.
419 1971 457 2006 in
477 1983 530 2016 gr.
551 1971 652 2006 mitti
673 1971 706 2006 G
800 1975 839 2006 17
861 1971 935 2006 iam
956 1970 1134 2016 nauigare
1155 1971 1298 2006 sciebat
1318 1971 1407 2006 ΜΘ

95 2020 126 2051 et
163 2028 282 2053 omnes
314 2018 388 2060 fere
419 2018 521 2062 libri,
560 2018 662 2063 prius
701 2018 932 2064 nauigabant
964 2018 999 2052 R
1055 2018 1130 2052 iam
1169 2017 1271 2062 prius
1303 2018 1406 2053 naui-

94 2067 251 2109 gauerat
271 2065 353 2100 edit.
382 2064 500 2100 Venet.
525 2069 614 2100 1499
715 2069 756 2100 19
777 2065 815 2100 in
830 2069 912 2100 (mee
931 2064 1090 2100 insulam
1106 2065 1190 2100 add.
1205 2066 1377 2100 editiones
1400 2066 1404 2110 Ι

95 2111 274 2154 cyteriam
293 2112 342 2146 M
388 2111 591 2147 citheream
618 2112 651 2147 G
700 2111 914 2156 cytheream
945 2112 984 2146 D
1015 2115 1047 2146 et
1078 2112 1129 2146 sic
1163 2112 1265 2155 infra
1361 2116 1405 2147 ‘20

95 2158 313 2193 accederent
345 2158 394 2193 M
420 2161 423 2202 Ι
452 2159 546 2204 prof.
577 2159 695 2204 pilum
723 2159 755 2194 G
854 2163 896 2194 ‘22
929 2159 1126 2194 tenderent
1159 2158 1191 2194 G
1290 2162 1332 2193 ‘23
1367 2170 1404 2194 se

1362 2214 1381 2231 n

94 2249 159 2274 om.
188 2239 237 2274 M
257 2242 260 2283 Ι
283 2239 405 2286 inscii]
437 2240 476 2275 in
504 2241 552 2275 M
647 2245 691 2276 24
717 2241 980 2276 clitemestrem
1014 2240 1045 2276 G
1096 2240 1405 2276 classemtemem-

95 2307 154 2331 sra
183 2297 229 2331 M
249 2299 253 2340 ξ
276 2298 505 2334 hei-moniam
533 2299 565 2334 G
589 2303 591 2343 j
616 2302 763 2344 neptem
792 2310 895 2334 suam
922 2299 1085 2334 Helenae
1112 2310 1176 2334 om.
1207 2299 1262 2333 ΠΙ.
1368 2290 1374 2295 '

1429 732 1464 756 10

1428 1023 1464 1049 15

1427 1316 1461 1340 20
