1607 2536
203 101 259 142 30
598 125 599 128 ,
636 101 845 138 DARETIS
871 102 1073 137 PHRYGII

202 197 389 238 Achilles
427 201 474 239 ut
504 198 691 251 respexit
721 198 877 239 multos
916 198 1041 240 duces
1074 199 1163 240 eius
1199 199 1369 240 dextera
1402 201 1507 242 ceci-

202 256 330 309 disse,
363 256 551 297 animum
583 257 628 297 in
654 271 749 297 eum
776 256 1003 311 dirigebat,
1034 261 1081 298 ut
1112 257 1174 298 illi
1201 258 1349 299 obvius
1375 258 1506 300 fieret.

202 314 499 356 considerabat
535 315 648 355 enim
686 314 874 356 Achilles
912 316 995 357 nisi
1031 314 1260 357 Hectorem
1298 317 1509 358 occideret

201 373 342 426 plures
376 373 425 414 de
458 372 716 415 Graecorum
747 387 923 415 numero
956 375 1044 415 eius
1078 374 1249 415 dextera
1280 375 1506 428 perituros.

166 445 181 469 5
201 431 408 484 proelium
463 432 626 473 interea
691 432 927 473 conliditur.
1011 432 1171 474 Hector
1230 432 1528 488 Polypoetem'

150 738 181 761 10

147 1322 181 1346 20

202 490 349 531 ducem
405 489 685 531 fortissimum
735 491 888 532 occidit
936 495 1117 546 dumque
1174 506 1269 532 eum
1323 492 1507 546 spoliare

201 549 357 603 coepit,
389 548 577 590 Achilles
610 550 863 603 supervenit.
911 550 957 591 fit
987 563 1131 605 pugna
1163 550 1314 604 maior,
1347 551 1507 592 clamor

202 607 254 648 ab
287 607 443 661 oppido
477 611 519 648 et
550 622 575 648 a
604 611 696 649 toto
729 608 914 649 exercitu
947 609 1093 663 surgit.
1135 608 1294 650 Hector
1325 608 1505 651 Achillis

200 666 338 706 femur
370 666 585 708 sauciavit.
639 666 827 708 Achilles
861 667 1003 708 dolore
1036 670 1208 720 accepto
1240 667 1376 722 magis
1409 681 1506 708 eum

201 725 397 779 persequi
424 725 562 778 coepit
590 739 667 766 nec
700 725 879 778 destitit,
910 726 994 766 nisi
1026 739 1121 766 eum
1154 725 1371 767 occideret.
1421 741 1507 781 quo
1558 760 1562 763 ,

200 783 455 836 interempto
505 783 713 825 Troianos
759 783 804 824 in
853 784 1000 839 fugam
1048 784 1175 825 vertit
1224 787 1266 825 et
1321 784 1506 825 maxima

201 841 325 882 caede
356 842 494 883 laesos
525 856 658 897 usque
691 842 743 883 ad
769 845 914 895 portas
943 843 1227 897 persequitur:
1267 843 1333 884 cui
1360 846 1530 894 tamer—1-

200 898 404 941 Memnon
440 900 608 942 restitit.
679 904 721 942 et
763 901 874 942 inter
911 915 955 942 se
999 901 1153 942 acriter
1196 904 1508 956 pugnaverunt,

200 958 304 999 laesi
352 958 521 1013 utrique
571 959 866 1001 discesserunt.
944 974 1029 1001 nox
1078 960 1286 1013 proelium
1333 960 1505 1001 dirimit.

165 1029 180 1054 5
200 1016 387 1058 Achilles
421 1017 586 1059 saucius
619 1018 668 1058 de
707 1018 818 1059 bello
855 1018 991 1059 rediit.
1043 1021 1172 1059 noctu
1211 1018 1384 1060 Troiani
1420 1017 1506 1059 He-

201 1078 360 1116 ctorem
391 1076 695 1130 lamentantur,
728 1075 992 1131 Graiugenae
1025 1091 1135 1118 suos.

317 1133 451 1175 XXV.
519 1134 697 1176 Postera
746 1135 812 1176 die
858 1134 1061 1176 Memnon
1108 1135 1315 1177 Troianos
1366 1135 1507 1176 educit

201 1195 349 1233 contra
374 1191 629 1235 Graecorum
655 1193 895 1235 exercitum.
944 1193 1244 1248 Agamemnon
1275 1194 1505 1235 exercitum

201 1251 384 1292 consulit
428 1252 658 1307 suadetque
703 1251 890 1293 indutias
935 1252 1063 1293 duum
1106 1252 1316 1293 mensium
1359 1255 1496 1306 postu-

200 1309 296 1363 lari,
328 1312 376 1351 ut
402 1324 500 1351 suos
533 1312 710 1366 quisque
738 1311 912 1365 sepelire
944 1311 1091 1365 possit.
1141 1311 1271 1366 legati
1304 1310 1356 1351 ad
1383 1310 1503 1351 »Pria-

200 1383 317 1409 mum
370 1368 541 1410 Troiam
589 1369 931 1424 proficiscuntur,
984 1369 1202 1411 venientes
1251 1369 1504 1410 desiderium
1570 1384 1577 1386 ‘⁷

199 1427 412 1480 prosecuti
457 1432 572 1483 sunt,
617 1428 745 1469 duum
789 1429 1000 1469 mensium
1042 1428 1229 1469 indutias
1280 1427 1505 1481 accipiunt.

294 1590 406 1625 XXV.
456 1590 585 1635 Dictys
613 1590 797 1626 Cretensis
823 1568 839 1624 i
868 1595 909 1625 19

296 1747 312 1777 1
348 1743 465 1785 Quem
502 1745 544 1777 ut
577 1753 672 1787 resp.
712 1742 791 1776 ach.
828 1741 860 1776 G
888 1744 891 1785 1
919 1742 1055 1776 multos
1090 1741 1200 1777 duces
1238 1741 1315 1776 eius
1350 1741 1503 1776 dextera

200 1789 391 1834 cecidisse]
427 1792 464 1825 et
505 1792 563 1825 tot
602 1789 649 1823 ab
694 1799 736 1824 eo
780 1789 890 1823 duces
927 1788 1142 1823 interfectos
1183 1788 1217 1822 G
1336 1792 1356 1823 2
1394 1788 1502 1823 iilum

200 1836 330 1882 dirigit
364 1837 397 1871 G
428 1839 431 1881 1
463 1837 568 1872 fieret
603 1847 671 1871 nec
708 1835 810 1870 aliud
847 1836 886 1870 in
925 1837 1048 1870 mente
1083 1835 1228 1870 achillis
1264 1838 1320 1870 est
1350 1835 1422 1870 nisi
1459 1837 1502 1870 ut

198 1883 386 1918 hectorem
424 1883 702 1929 conprehendat
735 1882 769 1918 G
876 1886 896 1917 5
930 1882 1050 1916 multa
1080 1881 1185 1916 milia
1221 1882 1412 1917 hominum
1445 1881 1500 1916 in-

197 1933 301 1964 terea
325 1930 558 1966 trucidantur
583 1940 666 1965 acre
686 1930 770 1965 add.
791 1929 825 1965 G
847 1932 930 1964 ante
954 1928 1136 1974 proelium
1159 1931 1162 1972 1
1185 1928 1327 1963 interea
1351 1939 1416 1963 om.
1439 1928 1472 1963 G
1495 1929 1500 1973 1

197 1976 423 2021 poliboetem
463 1977 497 2012 G
557 1976 774 2022 poblibeten
812 1976 846 2011 L
960 1980 980 2011 6
1018 1975 1067 2010 Et
1103 1987 1185 2010 cum
1224 1987 1306 2010 eum
1341 1975 1502 2020 spoliare

199 2023 379 2067 coepisset
404 2023 437 2058 G
534 2028 552 2058 7
579 2023 683 2068 cupit
700 2023 736 2057 B
834 2027 854 2058 8
881 2023 944 2068 ab]
966 2033 1009 2057 ex
1037 2022 1069 2057 G
1091 2024 1096 2066 1
1119 2022 1246 2057 achilli
1265 2022 1299 2056 L
1347 2021 1500 2056 achilles

199 2070 232 2104 G
317 2074 336 2105 9
357 2070 500 2105 sauciat
519 2070 552 2105 G
638 2074 680 2105 10
701 2069 848 2105 desistit
867 2069 900 2104 G
985 2072 1027 2103 12
1056 2080 1085 2104 c.
1106 2080 1168 2104 eos
1189 2069 1223 2103 G
1245 2071 1248 2111 1
1270 2071 1417 2113 portam
1437 2068 1471 2103 G
1493 2068 1499 2113 1

198 2117 448 2163 persequitur]
470 2117 567 2152 fudit
586 2116 619 2151 G
642 2119 645 2159 1
668 2116 726 2152 cui
748 2116 890 2162 tamen]
911 2115 1149 2150 ciuitatemL
1247 2119 1287 2149 13
1310 2114 1500 2159 Memnon]

199 2174 272 2198 non
307 2164 340 2198 G
369 2165 372 2207 1
399 2164 540 2199 resistit
571 2166 609 2198 et
642 2163 699 2198 ini
730 2162 864 2198 acriter
894 2162 991 2197 inter
1026 2173 1063 2197 se
1095 2163 1330 2197 certauerunt
1364 2161 1433 2196 lesi
1467 2161 1502 2195 G

202 2215 243 2245 15
279 2210 424 2246 saucius
459 2221 523 2246 om.
561 2210 594 2246 G
625 2212 629 2252 1
660 2209 758 2245 redit
792 2209 825 2244 G
933 2213 975 2244 16
1011 2208 1070 2244 Gr.
1107 2219 1190 2244 suos
1226 2219 1290 2243 om.
1327 2208 1360 2243 G
1455 2211 1500 2242 17

200 2257 324 2292 educit
350 2258 399 2292 M
445 2257 572 2293 eduxit
596 2256 671 2292 LG
768 2261 810 2291 19
837 2255 1021 2292 consuluit
1045 2255 1079 2290 L
1175 2259 1219 2291 20
1243 2254 1498 2300 unusquisque

198 2304 232 2338 L
254 2305 258 2346 1
280 2305 405 2348 posset
431 2304 464 2340 G
487 2307 490 2349 1
512 2305 696 2350 priamum
723 2304 854 2339 addidi
878 2314 921 2339 ex
948 2303 1004 2338 M.
