1607 2536
152 435 170 461 5

138 727 171 752 10

138 1018 170 1043 15

191 96 243 136 14
623 94 830 130 DARETIS
857 95 1058 130 PHRYGH

186 194 228 233 et
266 191 415 232 Pollux
460 191 504 231 in
543 191 717 243 recenti,
760 193 987 245 postquam
1025 190 1248 231 audierunt
1284 190 1492 232 Helenam

188 264 307 291 suam
335 263 522 290 sororem
550 251 732 303 raptam,
758 263 907 290 navem
934 248 1270 289 conscenderunt
1294 253 1336 290 et
1362 250 1493 290 secuti

188 311 298 349 sunt.
348 322 443 349 cuni
474 308 519 348 in
545 307 667 348 litore
693 306 846 349 Lesbio
872 321 1023 348 navem
1050 307 1278 361 solverent,
1309 308 1493 350 maxima

186 368 439 420 tempestate
471 369 610 407 exorta
646 380 857 420 nusquam
890 380 960 407 eos
986 365 1257 418 conparuisse
1289 365 1493 407 creditum

191 427 270 477 est,
308 427 457 478 postea
494 424 653 466 dictum
685 427 749 465 est
781 438 851 465 eos
883 424 1131 465 inmortales
1162 423 1314 477 factos,
1351 424 1493 478 itaque

187 482 363 524 Lesbios
391 482 569 524 navibus
596 497 667 524 eos
693 497 825 537 usque
858 482 910 523 ad
938 482 1109 524 Troiam
1142 482 1379 536 quaesitum
1411 483 1494 523 isse

186 555 322 595 neque
367 555 512 583 eorum
558 556 738 596 usquam
782 541 1008 596 vestigium
1052 541 1272 582 inventum
1323 541 1494 583 domum

187 599 465 640 renuntiasse.

305 657 400 699 XII.
462 657 597 699 Dares
630 658 858 714 Phrygius,
897 658 968 712 qui
1000 657 1108 698 hanc
1140 657 1362 698 historiam
1396 659 1494 699 scri<

190 716 292 770 psit,
325 716 384 757 ait
410 730 453 757 se
479 717 684 758 militasse
710 731 841 771 usque
869 716 968 757 dum
993 715 1122 756 Troia
1147 719 1270 769 capta
1302 719 1385 768 est,
1418 716 1495 757 hos

191 788 234 816 se
266 774 438 827 vidisse,
470 789 564 816 cum
591 775 780 816 indutiae
812 777 971 826 essent,
998 774 1154 828 partim
1181 774 1341 828 proelio
1367 774 1496 815 inter-

189 832 337 887 fuisse,
370 847 394 874 a
422 832 634 874 Dardanis
662 836 802 874 autem
833 833 998 874 audisse
1026 846 1109 887 qua
1139 832 1245 874 facie
1271 836 1313 873 et
1343 836 1496 874 natura

189 890 371 932 fuissent
397 890 549 933 Castor
572 895 614 932 et
638 891 799 933 Pollux.
861 891 1034 932 fuerunt
1065 893 1207 932 autem
1238 892 1344 932 alter
1375 891 1497 932 alteri

191 949 341 990 similis
386 950 538 1003 capillo
575 950 684 991 flavo
723 950 854 991 oculis
892 949 1060 1004 magnis
1103 949 1210 991 facie
1247 964 1353 1003 pura
1390 950 1496 991 bene

190 1008 361 1062 figurati
387 1022 562 1062 corpore
589 1007 778 1050 deducto.
828 1005 1060 1049 Helenam*
1088 1007 1269 1048 similem
1299 1008 1382 1049 illis
1414 1008 1496 1050 for-

189 1081 352 1107 mosam
398 1067 530 1107 animi
580 1066 782 1120 simplicis
834 1066 1036 1107 blandam
1080 1066 1271 1107 cruribus
1324 1067 1496 1120 optimis

188 1127 336 1165 notam
386 1125 497 1166 inter
541 1124 623 1166 duo
668 1125 892 1178 supercilia
937 1125 1165 1166 habentem
1211 1138 1281 1166 ore
1330 1125 1496 1178 pusillo.

189 1181 455 1223 Priamumssss
474 1183 756 1224 Troianorum
775 1196 918 1237 regem
938 1183 1056 1224 vultu
1090 1183 1267 1237 pulchro
1292 1197 1497 1238 magnum

285 1323 304 1343 *
330 1321 478 1356 Ioannis
504 1321 665 1356 Malalae
691 1321 998 1366 Chronographia
1016 1321 1080 1356 lib.
1101 1320 1134 1355 V
1159 1333 1194 1366 p.
1217 1325 1293 1356 114.
1345 1320 1497 1367 Georgii

191 1367 348 1403 Cedreni
384 1368 634 1403 Historiarum
671 1368 931 1412 compendium
967 1368 1009 1402 P.
1049 1371 1126 1402 124.
1196 1367 1349 1403 Tzetzes
1386 1368 1498 1403 Ante-

190 1414 379 1449 homerica
400 1418 518 1449 115-
531 1419 607 1450 120.
648 1413 883 1449 Constantini
899 1414 1081 1449 Manassis
1100 1413 1366 1459 Compendium
1387 1414 1498 1450 Chro-

192 1460 316 1495 nicum
341 1473 377 1506 p.
399 1465 444 1495 24
469 1474 503 1496 u.
528 1465 616 1496 1157
638 1472 738 1506 seqq.
775 1461 952 1506 Iosephus
971 1462 1121 1497 Iscanus
1147 1461 1192 1496 de
1217 1461 1315 1497 bello
1337 1461 1496 1496 Troiano

192 1508 244 1542 IV
266 1512 331 1542 172
353 1519 389 1542 se
421 1520 454 1552 q.

287 1555 327 1576 *²¹⁶
347 1520 473 1589 Mallal.
501 1567 536 1599 p.
565 1558 761 1590 130—136
795 1553 996 1598 Meriones,
1027 1554 1246 1590 Idomeneus
1271 1554 1496 1590 Philoctetes

191 1599 286 1635 Aiax
305 1601 444 1636 Locrus
458 1601 725 1645 Neoptolemus
746 1600 913 1636 Calchas.
951 1601 1119 1636 Priamus
1132 1601 1270 1636 Hector
1283 1601 1498 1647 Deiphobus

190 1647 354 1682 Helenus
369 1647 516 1682 Troilus
527 1648 737 1682 Alexander
750 1649 894 1683 Aeneas
916 1647 1092 1691 [Glaucus
1106 1659 1178 1692 pro
1196 1648 1261 1684 hoc
1273 1649 1498 1685 scribendum

191 1697 241 1728 est
259 1695 479 1729 adiectiuum
498 1691 674 1740 γλαυκός]
696 1695 872 1729 Antenor.
904 1694 1058 1729 Hecuba
1070 1695 1331 1729 Andromacha
1345 1694 1498 1730 Cassan-

190 1740 259 1775 dra
283 1741 482 1785 Polyxena.
538 1741 700 1775 Isaacius
728 1741 1083 1786 Porphyrogenneta
1117 1741 1202 1785 περὶ
1230 1741 1304 1776 τῶν
1330 1744 1498 1776 καταλει-

190 1785 370 1831 φθέντων
395 1784 470 1822 ὑπὸ
498 1788 563 1822 τοῦ
585 1784 755 1832 “Ομήρου
782 1788 850 1822 sub
876 1787 1002 1822 finem:
1028 1788 1284 1833 Agamemnon
1309 1788 1498 1823 Menelaus

191 1834 357 1868 Achilles
372 1834 563 1869 Patroclus
582 1834 708 1869 Ulixes
723 1833 919 1869 Diomedes
933 1834 1070 1869 Nestor
1085 1834 1313 1870 Protesilaus
1333 1835 1499 1870 Palame-

191 1881 256 1915 des
270 1880 453 1916 Meriones
464 1881 681 1916 Idomeneus
694 1881 790 1915 Aiax
799 1881 936 1915 Locrus
950 1880 1217 1925 Neoptolemus
1229 1881 1384 1916 Calchas
1399 1881 1499 1916 Pria-

191 1938 273 1961 mus
299 1926 515 1971 Deiphobus
546 1927 708 1963 Helenus
736 1927 881 1962 Troilus
913 1927 1123 1962 Alexander
1155 1929 1297 1962 Aeneas
1322 1929 1498 1963 Antenor.

192 1973 348 2008 Hecuba
375 1974 636 2009 Andromacha
661 1973 869 2009 Cassandra
899 1974 1089 2017 Polyxena
1120 1974 1266 2009 Hector.
1322 1975 1498 2019 Iosephus

192 2019 341 2054 Iscanus
352 2020 413 2063 IV,
428 2024 588 2055 43μ171
615 2020 781 2055 Priamus
797 2020 935 2055 Hector
947 2020 1162 2065 Deiphobus
1176 2021 1337 2056 Helenus
1352 2021 1499 2056 Troilus

287 2152 307 2182 2
335 2159 440 2183 suam
474 2159 538 2184 om..
576 2149 609 2184 G-
631 2151 634 2193 }
658 2149 783 2184 nanim
819 2149 852 2184 G
948 2153 967 2183 3
1006 2159 1161 2193 cumque
1195 2148 1229 2183 G
1250 2151 1255 2193 1
1277 2148 1402 2184 littore
1435 2149 1495 2195 L}

192 2195 320 2229 nanim
346 2194 379 2230 G
474 2200 496 2230 4
522 2196 689 2241 oppressi
714 2196 796 2231 add.
826 2196 860 2229 V
882 2195 1042 2239 correpti
1065 2196 1162 2230 editt.
1183 2199 1266 2229 vett.
1287 2205 1351 2230 nos
1371 2198 1500 2231 exorta

195 2241 198 2285 Ι
223 2252 425 2286 numquam
459 2242 606 2286 penitus
631 2243 666 2276 B
763 2247 783 2277 6
810 2254 888 2278 esse
919 2242 953 2276 L
1051 2246 1093 2277 10
1123 2242 1259 2276 troiam
1290 2243 1441 2287 captam
1466 2243 1500 2277 L

195 2290 238 2321 14
264 2287 402 2323 similes
430 2288 462 2323 G
561 2293 602 2324 17
629 2289 771 2335 notam]
799 2289 1009 2333 Lessivyius
1033 2289 1163 2323 maluit
1188 2299 1340 2324 moram.
