1607 2536
175 117 237 148 XX
662 102 998 138 PRAEFATIO.

176 202 409 254 nequeant,
453 199 650 240 inductus
690 199 841 252 opinor
877 198 975 240 libri
1017 199 1106 240 01110
1151 213 1232 254 quo
1284 199 1483 241 utebatur

178 259 403 312 pravitate,
435 259 483 299 ut
512 257 573 298 IV
606 258 631 299 8

384 316 565 357 Instruit
595 315 959 369 Amphimachum
992 315 1257 370 Colophonia

175 377 288 418 haec*
326 389 426 417 sane
470 390 622 428 parum
666 375 941 416 consentiunt
989 389 1084 416 cum
1127 375 1178 416 iis
1222 389 1328 430 quae
1373 375 1485 429 apud

176 435 379 477 Daretem
410 449 449 487 p.
470 434 537 487 22,
562 433 614 474 15
647 433 906 488 scripsimus,
937 434 1010 475 sed
1041 434 1177 475 nostri
1209 433 1373 475 codices
1404 434 1485 476 hoc

176 495 270 535 loco
303 493 577 534 vehementer
601 492 838 545 perturbati
865 495 965 533 sunt
989 492 1278 546 compluribus
1304 492 1486 533 nomini-

175 553 254 594 bus
301 551 489 604 omissis,
532 551 682 592 ultimo
727 548 829 605 (scil.
875 551 924 591 de
969 550 1110 605 Caria)
1165 553 1374 606 corrupto.
1400 555 1407 558 “
1434 550 1486 592 111

178 611 361 653 editione
394 609 562 651 Veneta
593 624 628 650 a.
665 609 776 650 1499
816 610 1021 664 scriptum
1059 612 1124 651 est
1154 610 1230 651 ita:
1268 609 1344 663 „de
1376 610 1486 651 colo-

176 669 336 724 phonia
368 683 392 709 a
426 668 513 709 suis
546 668 669 709 cariis
701 667 1077 721 Amphimachus.“

293 726 427 768 Paulo
458 728 558 780 post
588 741 624 767 v.
650 726 700 766 11
724 729 1078 768 commemoratur
1097 725 1266 780 Remus,
1299 726 1371 780 qui
1401 727 1487 767 iam

176 787 319 828 nullus
341 785 495 837 existit,
516 783 588 826 sed
607 784 734 825 modo
748 785 794 824 in
813 785 1100 839 compluribus
1121 785 1239 826 codd.
1258 785 1486 826 invenitur:

178 848 304 900 atque
335 859 372 885 v.
396 844 448 885 12
475 842 707 897 Ephemus,
739 843 811 896 qui
842 858 959 885 error
989 843 1086 884 inde
1119 846 1236 884 ortus
1269 845 1344 897 est,
1376 843 1487 898 quod
1530 848 1534 851 ’

176 905 222 945 111
254 903 371 945 codd.
391 901 471 943 LG
490 901 620 942 verba
649 901 724 955 „de
755 901 967 943 heliconia
998 901 1198 943 eufenus“
1227 904 1487 955 repetuntur.

175 961 290 1004 Nam
303 960 579 1002 manifestum
599 962 663 1000 est
674 959 852 1000 eundem
866 961 1016 1014 virum,
1038 961 1198 1002 scilicet
1216 959 1488 1014 Euphemum

179 1023 359 1075 utraque
389 1019 571 1060 lectione
603 1018 822 1060 contineri.

295 1078 358 1120 VI
390 1078 458 1131 55,
490 1077 546 1118 56

414 1135 578 1177 Occidit
591 1134 739 1176 infelix
751 1135 911 1177 Gobius
922 1149 1000 1177 nec
1014 1136 1164 1177 laetior
1178 1136 1251 1177 illo

415 1194 700 1248 Triptolemus

179 1270 275 1298 cum
307 1253 419 1308 apud
438 1252 640 1294 Daretem
671 1267 711 1305 Ρ.
731 1253 799 1307 31,
831 1253 887 1294 20
919 1254 1127 1308 legamus:
1166 1253 1340 1306 „obvius
1373 1253 1411 1293 01
1441 1253 1490 1294 fit
1536 1269 1544 1272 ·

181 1313 451 1368 Tlepolemus
486 1310 713 1364 Rhodiusf‘
743 1286 986 1352 verisimile:
1001 1313 1067 1352 est
1084 1286 1314 1377 Iosephum
1344 1325 1490 1353 vocem

180 1388 308 1427 quam
338 1386 427 1413 11011
459 1369 562 1411 satis
593 1369 839 1410 intellexit
828 1385 872 1410 111
892 1370 1000 1411 lib10
1023 1384 1098 1412 suo
1118 1370 1344 1424 invenisse,
1377 1372 1488 1411 certe

179 1431 450 1485 triptolemus
482 1429 527 1469 in
557 1427 600 1469 A
630 1428 796 1483 legitm.

297 1489 362 1531 VI
394 1488 448 1530 66
481 1489 568 1528 tres
599 1487 730 1541 legati
763 1489 990 1528 occurrunt

354 1546 639 1600 Demophoon
671 1545 878 1587 [waiamas
918 1548 960 1586 et
988 1548 1030 1586 te
1063 1545 1248 1587 Thesida
1278 1546 1490 1587 volentem

357 1605 502 1646 Tertia
533 1618 634 1645 cura
664 1606 788 1645 vocat

181 1665 293 1720 apud
317 1664 519 1705 Daretem
544 1677 583 1716 p.
620 1663 694 1716 24,
726 1664 754 1703 4
775 1665 817 1704 et
846 1677 886 1716 p.
915 1663 989 1717 32,
1024 1663 1074 1704 11
1102 1662 1311 1704 Thesidae
1336 1661 1490 1704 Demo-

178 1725 324 1779 phoon
355 1726 396 1764 et
426 1722 608 1763 Acamas
638 1722 926 1763 nominantur.

297 1782 359 1823 VI
392 1782 476 1824 895
510 1781 748 1834 appellatur
780 1779 1009 1822 Cernusius
1048 1778 1367 1821 Oherronensus
1405 1779 1489 1821 Da-

181 1841 283 1883 retis
323 1840 373 1882 cf.
405 1856 443 1894 p.
483 1840 551 1895 52,
586 1840 627 1881 l:
661 1842 705 1880 at
733 1839 814 1880 hoc
847 1853 1012 1893 quoque
1042 1839 1136 1880 1000
1168 1838 1286 1880 codd.
1317 1852 1492 1893 magno-

181 1914 281 1954 pere
325 1899 550 1952 fluctuant,
592 1898 896 1939 chersunesum
931 1897 1106 1952 praebet
1145 1896 1196 1947 G,
1234 1911 1494 1939 cerenenson

181 1959 234 2009 F,
274 1958 460 1999 fortasse
504 1957 659 1999 alicubi
701 1957 973 1998 librariorum
1022 1956 1186 1997 incuria
1240 1956 1493 2009 permutatis

184 2017 348 2058 duabus
381 2031 487 2071 quae
520 2016 704 2071 syllabas
733 2015 938 2057 inchoant
956 2015 1109 2056 litteris
1140 2013 1494 2069 „chernusesum“

183 2076 251 2116 vel
285 2075 370 2116 tale
402 2075 503 2129 quid
535 2075 741 2129 scriptum
770 2075 993 2115 invenerat
1024 2075 1182 2115 auctor.

303 2133 495 2175 Secundo
515 2134 608 2175 loco
629 2132 1025 2175 commemorandus
1041 2134 1105 2173 est
1117 2131 1284 2172 Troilus
1299 2131 1495 2173 Albertz·

184 2191 460 2243 Staclensis,
494 2193 606 2247 quod
638 2206 808 2233 carmen
846 2206 957 2232 anno
994 2190 1104 2232 1249
1143 2189 1378 2244 perfectum
1408 2204 1493 2231 uno

185 2251 274 2293 cod.
295 2250 429 2292 Guelf.
450 2253 663 2292 servatum
689 2251 761 2292 sed
779 2250 970 2291 nondum
989 2249 1148 2291 editum
1168 2248 1284 2290 5320
1303 2248 1494 2290 distichis

186 2310 435 2352 continetur.
511 2309 849 2365 Diligentissime
893 2309 1005 2351 enim
1048 2308 1249 2350 Albertus
1293 2306 1495 2349 Daretem
