1607 2536
209 94 264 136 32
646 92 855 128 DARETIS
881 92 1082 128 PHRYGII

208 190 332 231 eadit.
407 189 591 230 succedit
633 188 789 230 Pheres
833 189 1005 231 Admeti
1048 188 1158 229 filius
1202 189 1409 242 proelium
1453 203 1514 230 re-

210 249 349 290 stituit
393 248 546 302 diuque
590 262 686 288 cum
724 246 964 302 Sarpedone
1011 246 1247 289 comminus
1284 247 1514 302 pugnando

210 307 425 348 occiditur.
499 305 718 360 Sarpedon
762 320 928 361 quoque
971 306 1216 347 vulneratus
1261 305 1310 346 de
1354 306 1514 359 proelio

211 365 378 406 recedit.
452 365 595 419 itaque
638 378 714 418 per
757 365 919 419 aliquot
962 364 1050 405 dies
1094 364 1256 418 proelia
1298 364 1422 416 fiunt,
1466 378 1514 405 ex

174 435 191 460 23
211 427 388 478 utraque
426 426 545 477 parte
583 423 707 464 multi
745 423 938 465 ductores
977 422 1225 464 occiduntur
1263 422 1335 463 sed
1373 423 1516 476 plures

159 729 192 753 10

161 1313 196 1339 20

210 498 234 522 a
266 482 447 524 Priamo.
509 481 684 523 Troiani
720 482 899 523 mittunt
935 482 1117 536 legatos,
1153 480 1341 522 indutias
1372 485 1515 535 postu-

210 542 319 594 lant,
363 543 411 582 ut
453 542 644 582 mortuos
689 541 913 594 sepeliant,
958 540 1121 581 saucios
1167 542 1324 581 curent.
1395 539 1515 580 Pala-

211 599 353 640 medes
403 599 590 640 indutias
639 598 743 640 facit
790 599 834 640 in
879 613 1056 651 annum,
1106 600 1296 640 mortuos
1349 598 1516 652 utrique

212 658 439 712 sepeliunt,
488 658 653 699 saucios
691 660 852 699 curant.
919 657 1000 698 fide
1039 657 1138 698 data
1178 657 1290 697 ultro
1328 657 1516 710 citroque

212 717 257 757 in
295 716 498 770 oppidum
536 719 579 757 et
609 719 748 757 castra
784 716 1042 771 Argivorum
1084 716 1335 756 commeant.
1396 714 1517 755 Pala·
1560 759 1563 762 s
1599 723 1603 725 “

212 775 354 816 medes
399 774 769 829 Agamemnonem
812 775 1001 829 legatum
1044 773 1177 814 mittit
1220 773 1272 814 ad
1312 772 1517 814 Thesidas

212 833 490 875 Acamantem
538 836 580 874 et
621 832 996 886 Demophoontem,
1041 846 1147 887 quos
1195 832 1360 887 legatos
1404 832 1517 886 Aga-

212 906 415 933 memnon
452 891 729 945 praefecerat,
766 894 814 933 ut
851 893 1113 933 commeatus
1151 893 1447 944 compararent
1478 893 1520 931 et

212 950 472 992 frumentum
520 950 570 991 de
610 949 749 1004 Mysia
789 965 814 991 a
854 949 1040 1004 Telepho
1083 952 1301 1003 acceptum
1344 949 1518 1003 subpor-

178 1019 193 1045 5
212 1012 368 1050 tarent.
436 1012 484 1050 ut
521 1023 569 1050 eo
607 1009 740 1062 venit,
785 1008 1036 1050 seditionem
1080 1007 1318 1048 Palamedis
1362 1010 1519 1048 narrat.

213 1068 275 1108 illi
306 1068 483 1109 moleste
514 1067 673 1121 ferunt,
710 1068 1011 1122 Agamemnon
1049 1066 1108 1107 ait
1146 1080 1189 1107 se
1225 1066 1402 1112 moleste
1432 1080 1521 1107 non

213 1126 338 1179 ferre,
372 1140 447 1167 sua
478 1126 696 1167 voluntate
729 1139 820 1166 esse
851 1125 1023 1167 factum.
1068 1125 1229 1166 interea
1260 1138 1389 1165 naves
1422 1138 1521 1166 one-

213 1185 368 1226 randas
407 1187 527 1226 curat
563 1184 829 1238 Palamedes,
873 1186 1012 1225 castra
1049 1183 1205 1237 munit,
1248 1183 1520 1237 turribusque

215 1243 457 1285 circumdat.
518 1242 692 1284 Troiani
724 1242 953 1284 exercitum
985 1244 1198 1296 exercent,
1229 1256 1397 1282 murum
1430 1241 1522 1282 dili-

216 1305 365 1357 genter
402 1302 660 1354 instaurant,
697 1301 859 1343 fossam
897 1304 939 1342 et
975 1301 1134 1342 vallum
1166 1299 1344 1353 addunt,
1383 1302 1521 1345 cetera

217 1361 445 1416 diligenter
476 1363 723 1414 conparant.

332 1418 512 1460 XXVII.
573 1418 808 1473 Postquam
834 1418 937 1460 anni
969 1417 1057 1459 dies
1088 1417 1221 1471 venit,
1255 1430 1337 1472 quo
1364 1416 1524 1458 Hector

216 1478 407 1532 sepultus
439 1480 521 1531 est,
552 1477 746 1518 Priamus
779 1480 822 1518 et
846 1476 1024 1518 Hecuba
1056 1479 1099 1518 et
1128 1475 1344 1530 Polyxena
1376 1475 1524 1517 ceteri-

312 1597 330 1627 1
351 1593 486 1627 cecidit
505 1592 539 1628 G
561 1595 564 1636 Ι
587 1603 738 1637 perseus
757 1592 797 1627 F
841 1592 936 1627 feres
958 1592 993 1626 L
1015 1595 1018 1636 Ι
1042 1564 1251 1626 adasmeste
1270 1590 1304 1625 L
1358 1590 1524 1625 admeste

216 1640 251 1675 G
298 1640 450 1674 Admeti
478 1639 610 1683 Peiper
705 1643 726 1673 2
754 1639 914 1683 dumque
941 1638 974 1674 G
1069 1642 1090 1673 3
1117 1638 1221 1682 Sarp.
1247 1637 1344 1672 male
1369 1637 1524 1671 mulcta-

216 1689 277 1721 tus
303 1686 337 1722 G
433 1690 455 1721 4
479 1686 591 1721 rediit
616 1686 650 1721 G
671 1688 675 1730 Ι
699 1685 850 1730 aliquod
877 1685 910 1720 G
932 1688 936 1727 Ι
959 1696 1003 1720 ex
1029 1686 1099 1719 utr.
1126 1685 1178 1730 p.]
1200 1684 1347 1728 utrique
1373 1683 1407 1718 G
1504 1688 1523 1718 5

216 1734 388 1768 ductores
408 1734 445 1768 et
463 1732 574 1767 multi
593 1732 627 1767 G
710 1737 730 1768 6
756 1733 900 1777 legatos
925 1734 968 1767 ut
987 1732 1021 1765 L
1042 1734 1045 1774 ἱ
1068 1731 1144 1766 ind.
1167 1731 1279 1776 post]
1295 1731 1338 1764 ut
1356 1729 1524 1764 inducias

216 1780 357 1815 faciant
377 1779 411 1815 G
496 1783 514 1814 7
536 1781 775 1814 ut—annum
794 1789 860 1814 om.
881 1779 913 1813 L
951 1781 993 1813 ut
1011 1789 1077 1813 om.
1098 1777 1132 1813 G
1217 1781 1238 1813 8
1257 1778 1422 1812 mortuos
1434 1777 1524 1811 utri-

217 1827 305 1872 que]
328 1837 485 1871 suosque
514 1826 548 1861 G
643 1830 664 1862 9
684 1826 756 1861 fide
781 1836 919 1871 magna
943 1826 1043 1879 ultra
1062 1824 1096 1860 G
1201 1828 1243 1859 10
1270 1824 1309 1858 in
1335 1824 1418 1858 add.
1445 1823 1496 1857 L2
1518 1824 1522 1868 Ι

217 1874 703 1965 ῗέῗέΰᾶωαξῆὲέἑῗὲἓὲἓέξ
715 1872 758 1954 g
771 1921 776 1963 ι
798 1871 1143 1955 ᾱεὲξεὲῗέἒιῗῖα
1164 1920 1168 1962 ι
1191 1872 1350 1963 1223ss
1352 1870 1524 1952 {iamai}

219 1969 496 2012 compararetur
514 1967 590 2002 'LG
615 1970 777 2002 nostrum
802 1966 838 2001 R
936 1970 978 2000 14
1005 1966 1224 2011 subportent
1247 1963 1339 2007 LG,
1365 1967 1524 1999 nostrum

221 2014 423 2048 Meo-cerins
521 2018 562 2048 15
589 2016 631 2048 ut
656 2024 698 2048 eo
724 2015 907 2048 uenerunt
927 2012 960 2048 G
1008 2012 1063 2047 hii
1082 2012 1148 2047 ubi
1167 2011 1322 2046 ueniunt
1340 2010 1374 2044 L
1409 2012 1465 2056 ‚ut
1483 2021 1536 2045 eo-

218 2060 323 2095 uenit
336 2060 376 2094 F
395 2062 398 2103 Ι
421 2062 574 2095 narrant
587 2060 657 2095 LG
692 2063 820 2095 narrat
832 2059 868 2093 B
943 2063 986 2094 16
1000 2059 1063 2094 ille
1077 2071 1124 2093 m.
1136 2058 1209 2093 fert
1222 2057 1301 2100 LG,
1315 2060 1476 2091 nostrum
1490 2056 1530 2090 F

222 2112 262 2142 17
284 2118 422 2151 suaque
448 2119 481 2141 u.
505 2107 544 2141 id
568 2107 591 2142 f.
620 2117 651 2142 e.
677 2106 711 2141 G
759 2107 902 2141 interea
926 2116 991 2140 om..
1011 2106 1046 2140 L
1067 2108 1070 2149 Ι
1094 2105 1171 2140 Pal.
1197 2117 1231 2139 n.
1259 2103 1527 2148 comparandas

219 2155 326 2188 curat
351 2154 385 2189 G
406 2155 410 2196 ἱ
433 2154 637 2189 onerandas
665 2153 714 2188 M
765 2152 1000 2187 honorandas
1017 2152 1051 2186 L
1137 2155 1178 2186 19
1203 2151 1365 2195 querunt
1391 2150 1528 2185 troiani

220 2211 334 2245 quare
354 2200 556 2235 exercitum
581 2201 777 2235 exerceant
802 2211 895 2244 quur
914 2211 1058 2233 murum
1084 2198 1117 2232 L
1213 2202 1258 2232 20
1284 2196 1446 2232 sarciunt
1465 2196 1499 2232 G
1520 2197 1524 2242 Ι

219 2247 337 2282 fossas
364 2247 397 2282 G
494 2251 536 2282 22
565 2258 636 2292 quo
661 2257 741 2291 sup.
767 2248 805 2282 et
829 2246 863 2280 L
959 2249 1002 2280 23
1028 2245 1193 2280 heccuba
1219 2244 1251 2279 G
1301 2244 1441 2279 aecuba
1465 2243 1498 2277 L
1520 2244 1524 2289 ᾗ

220 2294 423 2339 ceterique]
453 2296 489 2328 et
516 2294 581 2329 alii
608 2293 650 2329 G.
1348 2288 1349 2292 ¹
