1607 2536
182 80 238 120 [54
482 81 635 115 INDEX
662 81 896 116 NOMINUM
921 82 984 117 ET
1010 82 1193 118 RERUM.

181 174 382 210 Hermiona
400 174 564 209 Helenae
588 175 665 209 filia
692 179 751 219 11,
773 180 817 210 24

183 221 344 256 Hesiona
400 221 661 256 Laomedontis
719 223 817 268 regis

229 269 306 302 iilia
344 269 391 302 ab
430 268 586 303 Hercule
623 269 818 304 Telamoni

228 316 324 350 dono
351 315 461 349 datur
483 320 521 359 5,
544 320 586 349 16
625 316 814 351 servitium

227 366 290 405 22,
312 367 332 397 c

179 409 417 454 Hippothous
458 420 501 443 ex
532 409 660 444 Larisa
691 410 816 445 Troia-

226 467 354 490 norum
370 457 443 490 dux
464 460 520 499 22,
539 461 579 491 18
606 457 652 490 ab
670 457 816 492 Achille

227 503 408 538 occiditur
434 507 495 547 26,
517 507 560 537 21

178 550 360 585 Homerus
371 550 442 584 fide
450 550 572 584 minus
583 550 717 596 dignus
732 556 761 594 1,
775 555 814 586 13

180 597 383 641 hospitium
414 597 512 632 inter
544 597 748 642 Telephum
780 600 817 634 et

225 644 492 678 Teuthrantem
522 648 583 687 21,
605 649 625 678 5

179 691 324 726 hostiae
352 695 412 734 51,
442 695 457 725 1

179 738 364 772 Ialmenus
386 749 429 772 ex
455 737 684 774 Orchomeno
705 739 814 774 Grae-

224 796 351 819 corum
364 785 438 819 dux
455 789 508 828 17,
525 790 567 820 15
595 786 641 820 ab
655 786 813 821 Hectore

222 831 437 866 interfectus
464 836 526 876 26,
550 837 592 868 18

175 879 284 913 Iason
320 879 419 913 filius
456 880 611 914 Aesonis
651 891 673 914 a
709 881 815 915 Pelia

224 926 406 960 avunculo
451 925 607 961 Colchos
651 927 814 962 mittitur

224 976 261 1016 2,
284 977 303 1006 2
331 977 368 1016 3,
392 976 433 1008 18

174 1020 241 1053 Ida
256 1019 360 1063 silva,
374 1020 427 1054 ibi
441 1020 644 1055 Mercurius
654 1021 812 1056 Alexan-

221 1067 286 1101 dro
314 1069 470 1112 apparet
495 1071 532 1111 9,
554 1072 574 1102 5
616 1069 810 1103 materiam

220 1114 376 1158 praebet
399 1114 446 1148 ad
474 1125 587 1149 naves
616 1115 810 1150 aedifican-

221 1161 286 1195 das
314 1166 374 1204 10,
395 1165 439 1196 26

172 1208 391 1242 'idomeneus
433 1208 617 1243 Cretensis
655 1208 810 1243 Graeco-

221 1267 302 1289 rum
329 1256 402 1289 dux
435 1260 493 1298 18,
515 1260 535 1290 6
579 1256 627 1290 ab
652 1255 810 1290 Hectore

220 1303 437 1337 interfectus
464 1307 525 1346 29,
547 1307 589 1336 21

170 1350 282 1383 Ilium
309 1352 544 1394 expugnatur
576 1350 622 1384 ab
652 1350 810 1385 Hercule

222 1401 252 1439 5,
270 1401 310 1430 11
347 1397 416 1430 Ilia
435 1398 546 1441 porta
566 1397 698 1432 'Troiae
719 1401 750 1440 6,
769 1402 810 1431 14

171 1443 300 1478 inferis
326 1444 554 1478 sacrificatur
581 1448 641 1486 51,
664 1448 683 1478 5

173 1490 351 1534 Iphinous
384 1491 430 1524 ab
456 1490 614 1525 Hectore
641 1491 808 1526 vulnera--

219 1539 280 1571 tur
306 1541 366 1580 29,
388 1542 429 1571 21

172 1584 301 1618 Ithaca
330 1589 388 1626 18,
411 1589 429 1618 7

172 1631 323 1665 Iunonis
350 1631 428 1665 dies
454 1631 570 1666 festus
599 1636 657 1675 12,
683 1637 697 1665 1

172 1678 314 1722 Iupiter
329 1688 430 1712 aram
446 1680 484 1712 et
497 1680 662 1712 statuam
677 1679 808 1713 Troiae

220 1725 383 1759 habebat
409 1729 446 1768 6,
471 1729 511 1759 12
551 1736 617 1759 ara
635 1726 732 1760 lovis
752 1730 808 1769 49,

172 1819 341 1863 Lampon
369 1819 541 1864 princeps
565 1819 807 1854 Troianorum

220 1869 259 1908 e,
280 1871 317 1907 5Ἰ

172 1911 385 1950 Laomedon
429 1924 492 1947 rex
536 1913 668 1948 'Troiae
706 1913 810 1948 iubet

220 1958 378 1993 Graecos
393 1960 527 1994 finibus
544 1959 618 1994 suis
632 1960 807 1995 excedere

219 2009 250 2048 3,
273 2010 316 2040 20
343 2007 389 2040 ab
410 2007 567 2041 Hercule
587 2007 810 2041 interficitur

221 2056 258 2095 5,
282 2057 324 2087 15

171 2099 302 2134 Larisa,
328 2104 388 2139 22,
414 2104 455 2135 18

171 2145 354 2182 Leonteus
376 2158 418 2181 ex
434 2147 568 2192 Argisa
585 2147 807 2182 Graecorum

219 2193 292 2227 dux
314 2198 368 2237 18,
387 2199 428 2229 16
467 2195 514 2229 ab
534 2194 693 2229 Hectore
713 2195 806 2229 occi-

218 2239 319 2274 ditur
349 2245 410 2284 21),
432 2245 475 2275 22

170 2286 295 2321 Lesbii
340 2288 579 2331 quaesierunt
617 2288 806 2323 Castorem

903 179 939 212 et
959 177 1147 212 Pollucem
1176 181 1235 221 14,
1257 182 1276 212 6
1317 177 1490 212 Lesbium

901 224 989 258 litus
1018 228 1079 267 14,
1100 229 1119 256 3

854 270 960 304 Locri
991 276 1049 313 18,
1070 276 1091 305 4

855 317 932 351 ludi
951 317 1123 353 funebres
1148 322 1202 361 25,
1221 322 1262 353 10
1283 322 1338 361 31,
1355 322 1374 352 2
1395 322 1452 362 42,
1469 322 1487 352 2

854 363 1003 408 Lycaon
1030 365 1077 399 ab
1100 365 1245 399 Achille
1271 365 1489 400 interficitur

904 415 963 454 28,
987 416 1027 445 11

854 457 968 502 Lycia
993 462 1055 501 22,
1078 463 1118 492 17

853 504 1078 549 Lycomedes
1123 516 1213 540 avus
1252 505 1488 550 Neoptolemi

900 556 961 595 42,
985 556 1023 586 11

852 598 1035 634 Machaon
1066 599 1280 644 Aesculapii
1315 599 1411 634 filius
1444 611 1487 634 ex

899 645 1031 680 Tricca
1066 646 1287 681 Graecorum
1323 646 1395 680 dux
1434 651 1486 690 18,

902 697 944 727 10
982 692 1203 727 describitur
1231 697 1290 737 17,
1310 697 1331 726 4

851 738 1022 774 Maeonia
1048 744 1109 783 23,
1131 744 1150 774 2

851 785 1044 831 Magnesia
1070 791 1105 830 6,
1127 791 1171 821 23
1200 791 1259 830 19,
1280 791 1301 821 4

851 832 1012 867 Melibea
1039 838 1100 877 19,
1121 838 1141 868 3

851 879 1023 914 Memnon
1055 891 1099 914 ex
1130 880 1331 925 Aethiopia
1362 881 1488 916 Troia-

897 938 1027 961 norum
1056 927 1129 961 dux
1155 932 1217 972 23,
1238 932 1258 962 3
1302 927 1487 962 Achillem

897 974 1071 1008 vulnerat
1095 976 1132 1009 et
1158 975 1204 1009 ab
1232 985 1274 1009 eo
1306 974 1488 1010 occiditur

898 1025 961 1064 40,
985 1026 1001 1055 1

848 1067 1037 1102 Menelaus
1058 1079 1102 1103 ex
1123 1068 1259 1113 Spar-‚ta
1280 1073 1333 1112 17,
1351 1073 1392 1103 13
1427 1068 1486 1102 de-

896 1114 1068 1149 scribitur
1096 1119 1156 1158 16,
1177 1120 1197 1150 8
1242 1116 1290 1150 Μ.
1324 1118 1361 1150 et
1392 1115 1486 1149 Aiax

894 1161 1144 1196 Alexandrum
1152 1163 1422 1206 persequuntur
1430 1166 1449 1196 2
1455 1167 1485 1205 6,

896 1213 915 1243 9
957 1208 1005 1243 ad
1048 1208 1294 1253 Lycomedem
1333 1209 1486 1253 Scyrum

894 1255 1056 1290 mittitur
1081 1260 1143 1300 42,
1165 1261 1205 1290 11

847 1301 1082 1338 Menestheus
1117 1314 1160 1338 ex
1190 1303 1346 1338 Athenis
1373 1302 1484 1344 Grae-

896 1361 1022 1385 corum
1046 1350 1119 1385 dux
1149 1355 1208 1393 19,
1230 1355 1250 1385 6
1288 1350 1485 1384 Hectorem

895 1397 1068 1432 vulnerat
1098 1401 1160 1441 24,
1181 1401 1224 1431 22

848 1444 1051 1479 Mercurius
1089 1445 1266 1479 Iunonem
1303 1444 1485 1478 Venerem

895 1492 1100 1526 Minervam
1112 1491 1264 1526 adducit
1271 1490 1318 1525 ad
1326 1491 1482 1525 Alexan-

894 1538 1018 1582 drum,
1049 1540 1092 1572 ut
1116 1539 1161 1573 de
1194 1538 1313 1582 specie
1346 1537 1485 1571 iudicet

847 1632 1029 1667 Meriones
1055 1632 1240 1667 Cretensis
1262 1632 1483 1667 Graecorum

894 1679 968 1713 dux
990 1684 1049 1721 18,
1071 1684 1091 1714 6
1130 1679 1351 1713 describitur
1379 1683 1439 1721 17,
1463 1684 1482 1711 5

892 1726 1058 1760 Patrocli
1095 1736 1227 1770 corpus
1264 1727 1390 1760 tuetur
1427 1730 1481 1765 24,

894 1777 938 1808 20
971 1773 1018 1807 ab
1039 1773 1196 1807 Hectore
1219 1772 1400 1807 occiditur
1427 1777 1481 1815 24,

894 1824 935 1854 21

846 1867 1022 1901 Mesthles
1055 1877 1074 1901 e
1108 1866 1279 1901 Maeonia
1305 1866 1483 1900 Troiano-

893 1926 975 1948 rum
1006 1914 1079 1947 dux
1108 1917 1171 1957 23,
1192 1918 1212 1947 2
1258 1924 1280 1948 a
1305 1913 1482 1947 Diomede

893 1960 1076 1995 occiditur
1101 1965 1162 2004 26,
1185 1964 1228 1994 22

845 2007 1013 2042 Minerva
1039 2011 1076 2051 9,
1099 2012 1117 2042 7
1161 2007 1269 2042 aedes
1293 2007 1481 2041 Minervae

894 2059 954 2097 50,
979 2059 994 2088 1

847 2101 997 2145 Mopsus
1035 2112 1054 2135 e
1091 2101 1321 2145 Colophonia
1354 2100 1481 2134 Troia-

893 2158 1023 2182 norum
1049 2148 1123 2182 dux
1149 2152 1211 2190 22,
1234 2151 1276 2182 16

844 2195 1021 2239 Mycenae
1053 2205 1208 2239 regnum
1233 2195 1484 2239 Agamemno—

891 2241 948 2275 nis
976 2245 1035 2284 17,
1060 2245 1102 2275 12
1129 2245 1255 2284 31,11

843 2288 1093 2333 Myrmidones
1122 2292 1180 2330 18,
1203 2292 1245 2322 12
1273 2291 1332 2331 33,
1355 2292 1374 2322 9
