1607 2536
181 139 323 169 XLV111
670 127 1002 163 PRAEFATIO.

182 222 366 275 primum
399 236 434 263 a.
470 222 581 264 1392
614 223 781 278 prodiit,
813 226 904 265 tum
938 225 1105 278 saepius
1136 239 1266 266 manu
1298 228 1339 266 et
1375 226 1489 280 typis

183 281 418 334 exscriptus
457 283 536 322 est:
599 282 670 336 qui
707 296 803 323 cum
841 283 1051 324 artissime
1091 283 1143 323 ad
1175 282 1413 325 Guidonem
1445 299 1491 326 se

183 338 442 393 adiungeret,
473 342 617 380 tamen
649 340 773 382 modo
807 341 935 382 semel
968 341 1045 382 sub
1076 341 1204 382 finem
1216 340 1246 396 Γ)
1266 342 1378 384 hunc
1398 342 1489 384 fon-

181 399 280 450 tem,
313 398 479 451 saepius
510 398 601 452 „die
622 399 831 452 meyster“
860 399 1071 441 interdum
1092 399 1291 441 Daretem
1312 415 1491 442 comme-

182 458 332 508 morat,
364 471 622 511 quamquam
653 457 764 498 unde
797 458 1004 512 originem
1041 458 1237 499 habuerit
1267 459 1493 514 compluri-

181 514 261 555 bus
308 515 412 556 locis
457 515 567 556 male
616 516 842 557 intellectis
859 515 891 571 2)
941 517 1063 558 facile
1112 517 1289 558 iudicari
1338 520 1491 572 potest.

180 571 299 613 Libri
330 573 478 614 formis
511 574 651 615 excusi
682 575 827 628 paucis
858 575 962 616 locis
996 590 1017 616 e
1050 574 1244 617 Conrado
1277 576 1326 617 de
1347 576 1491 618 Virce-

181 629 360 686 burgoss)
385 632 539 686 expleti
571 635 612 673 et
642 633 888 686 locupletati
927 637 1036 675 sunt.
1073 633 1177 675 Fere
1210 634 1356 675 eodem
1387 638 1492 676 tem-

180 703 283 742 pore
303 690 553 732 chricus
584 691 757 746 quidam
776 692 1163 734 Brunsvicensis
1193 693 1380 746 pedestri
1399 708 1492 735 ora-

179 748 295 789 tione
333 749 493 790 bellum
524 749 756 791 Troianum
797 751 987 792 narravit
1027 753 1152 806 atque
1192 752 1253 792 ita
1295 753 1342 792 ut
1382 751 1491 794 Con-

179 807 330 847 radum
363 806 406 863 (i.
439 823 471 848 e.
503 809 732 862 genuinam
763 815 927 862 partem
958 810 1056 851 libri
1076 810 1196 863 eius),
1226 813 1318 852 tum
1351 813 1492 852 autem
1538 818 1543 821 ’

179 865 253 905 ubi
295 866 364 906 hic
411 866 536 907 desiit
585 865 822 908 Guidonem
864 871 1119 923 sequeretur.
1190 867 1331 910 Codex
1372 872 1487 910 extat

181 937 287 964 saec.
307 923 388 965 XV
407 925 451 965 in
482 925 582 966 bibl.
602 926 855 967 Academiae
869 927 1061 980 publicae
1082 925 1490 983 Senkenbergianae.

180 980 328 1036 Neque
342 983 544 1038 indignus
561 986 624 1024 est
639 985 710 1038 qui
725 988 1081 1027 commemoretur
1095 986 1203 1027 liber
1216 1001 1317 1027 msc.
1333 986 1372 1028 S.
1386 986 1448 1027 IV
1461 988 1490 1028 4

178 1054 218 1093 p.
256 1042 311 1081 27
361 1056 466 1083 saec.
497 1042 579 1083 XV
616 1043 810 1084 biblioth.
854 1044 1202 1086 Vratislaviensis
1243 1045 1491 1099 oppidanae.

178 1097 229 1139 In
260 1099 447 1153 Anylia
478 1100 588 1142 hanc
620 1102 841 1143 materiam
872 1103 1063 1144 versibus
1082 1104 1284 1144 tractavit
1314 1118 1491 1157 anony-

178 1171 281 1199 mus
313 1158 538 1215 quidam),
570 1160 687 1201 cuius
708 1175 860 1214 poema
881 1161 1055 1202 Oxfordi
1075 1160 1215 1217 (mser.
1240 1162 1371 1204 Laud.
1391 1163 1491 1216 395,

178 1216 264 1257 275
303 1216 435 1272 seqq.)
478 1221 739 1260 reservatum
787 1220 1126 1273 splendidissime
1171 1221 1377 1275 scriptum
1414 1224 1492 1276 est,

177 1277 225 1315 ut
255 1275 353 1316 inde
386 1277 583 1331 colligere
614 1278 828 1331 possimus
862 1293 1026 1320 summo
1064 1278 1208 1320 favore
1246 1279 1327 1321 hoc
1357 1279 1489 1321 fuisse

179 1337 414 1388 exceptum,
482 1338 633 1389 postea
688 1337 860 1377 ineunte
906 1351 1011 1379 saec.
1065 1336 1169 1378 XIV
1217 1338 1318 1379 Ioa.
1367 1339 1489 1391 Lyd-

175 1396 283 1444 φατε
293 1392 326 1446 5)
346 1395 738 1447 praestantissimus
760 1394 980 1437 Chaucerii
1006 1396 1235 1450 discipulus
1255 1396 1489 1438 monachus

178 1464 228 1490 ex
260 1451 406 1492 ordine
445 1453 581 1494 sancti
611 1453 830 1495 Benedicti
862 1454 970 1508 (The
1002 1453 1221 1508 Hystoire‚
1267 1453 1372 1510 Sege
1405 1455 1488 1496 and

176 1507 455 1562 Dystruction
499 1511 546 1552 of
588 1511 724 1565 Troye
767 1513 1002 1554 translated
1038 1514 1094 1566 by
1131 1513 1248 1554 John
1284 1513 1488 1569 Lydgate.

175 1566 349 1620 Pynson
389 1570 513 1611 1513.
550 1571 834 1624 pulcherrima
872 1575 914 1612 et
951 1572 1170 1613 rarissima
1207 1572 1354 1626 editio)
1388 1571 1488 1613 Gui-

175 1625 328 1668 donem
361 1629 562 1683 sequitur,
593 1629 653 1670 ita
685 1632 829 1671 tamen
861 1633 908 1671 ut
939 1630 1242 1685 francogallica
1273 1631 1362 1672 eius
1394 1645 1484 1672 ver-

178 1685 296 1726 sione
317 1687 358 1726 et
376 1685 607 1728 Benedicto
639 1689 734 1742 ipso
765 1703 867 1729 usus
901 1703 993 1730 esse
1013 1688 1258 1743 videaturss).
1291 1688 1488 1731 Ceterum

176 1744 288 1797 quod
331 1759 427 1786 raro
470 1745 632 1787 factum
677 1761 768 1788 esse
812 1747 1002 1788 videmus
1045 1747 1114 1788 hie
1158 1747 1284 1788 modo
1329 1748 1488 1789 bellum

175 1801 406 1844 Troianum
439 1804 672 1859 descripsit,
703 1805 886 1846 reditum
924 1805 1182 1847 Graecorum
1221 1807 1267 1847 in
1303 1807 1488 1860 patriam

177 1875 296 1902 suam
337 1876 512 1916 prorsus
558 1864 712 1905 omisit.
772 1863 916 1905 Etiam
957 1865 1002 1905 in
1048 1864 1209 1905 Scotia
1250 1866 1488 1906 versionem

172 1920 384 1972 poeticam
398 1920 484 1962 fere
499 1922 643 1964 20000
657 1937 854 1964 versuum
869 1923 1158 1964 continentem
1172 1923 1489 1965 accuratissime

173 1977 331 2019 factam
374 1979 613 2022 invenimus
657 1981 766 2036 (The
810 1980 915 2023 Gest
956 1982 1176 2023 historiale
1221 1982 1268 2023 of
1307 1982 1379 2023 the
1419 1982 1487 2022 de-

175 2037 383 2078 struction
427 2038 474 2079 of
512 2039 642 2093 Troy>
687 2042 898 2082 servatam
942 2041 987 2081 in
1031 2041 1154 2082 unico
1199 2041 1308 2082 libro
1352 2041 1488 2082 musei

172 2093 351 2136 Hunter.
383 2096 427 2137 in
459 2098 640 2139 univers.
672 2099 751 2139 litt.
785 2097 983 2154 Glasgov.
1024 2100 1142 2141 cuius
1181 2102 1328 2141 auctor
1359 2099 1487 2140 credi-

178 2291 181 2292 ?
270 2246 294 2289 1)
329 2246 491 2282 Herbort
515 2259 588 2283 von
613 2249 770 2283 Fritzlar
800 2249 969 2294 herausg.
996 2260 1067 2284 von
1093 2249 1317 2284 Frommann
1342 2262 1377 2294 p.
1405 2253 1486 2284 351.

174 2292 200 2334 2)
226 2291 377 2337 Dunger
400 2294 423 2329 l.
451 2295 474 2330 1.
500 2307 536 2339 p.
564 2299 618 2330 66.
743 2296 769 2340 3)
796 2295 947 2341 Dunger
972 2296 1121 2331 ibidem.
1245 2296 1272 2341 4)
1298 2296 1385 2342 Joly
1409 2297 1433 2331 l.
1459 2297 1484 2331 1.

171 2351 208 2383 p.
247 2343 328 2375 496.
459 2343 486 2387 ⁵)
524 2342 610 2386 Joly
648 2343 670 2377 l.
710 2343 733 2378 1,
773 2355 807 2387 p.
846 2347 925 2378 493.
1042 2343 1069 2388 ὅ)
1107 2343 1192 2389 Joly
1230 2344 1253 2378 1.
1281 2344 1304 2378 l.
1330 2356 1365 2388 p.
1404 2347 1485 2378 497.
