1607 2536
395 77 458 111 DE
484 76 684 111 EXClDIO
713 75 893 110 TROIAE
920 75 1161 111 HISTQRJA.
1375 77 1430 117 41

126 174 302 216 insidias
346 173 569 226 collocare,
620 172 722 213 satis
774 172 854 212 sibi
897 172 1049 212 victum
1095 186 1203 225 esse,
1257 172 1292 212 si
1337 187 1433 213 eum

127 233 344 275 occideret.
400 231 513 286 quod
543 233 849 284 temptaturum
883 244 926 270 se
951 230 1194 271 Alexander
1224 231 1433 284 promisit.

125 294 254 333 noctu
298 291 348 332 de
398 289 583 331 exercitu
627 289 843 344 eliguntur
892 288 1115 330 fortissimi
1159 292 1201 330 et
1243 289 1288 330 in
1332 290 1434 332 fano

124 350 340 404 Apollinis
372 349 649 401 collocantur,
685 348 854 403 signum
887 348 1110 401 accipiunt.
1171 347 1348 389 Hecuba
1381 349 1433 390 ad

124 408 355 462 Achillem,
387 407 512 449 sicuti
536 406 799 461 condixerat,
830 406 1027 447 nuntium
1051 407 1195 448 mittit.
1244 406 1432 448 Achilles
1452 422 1468 448 5

125 468 260 508 laetus
297 466 559 521 Polyxenam
598 480 746 507 amans
783 468 954 520 postera
997 465 1063 506 die
1108 466 1160 506 ad
1204 465 1350 506 fanum
1390 481 1433 507 se

124 529 348 567 venturum
391 524 623 566 constituit.
690 525 853 566 interea
896 523 1085 566 Achilles
1130 525 1323 579 sequenti
1367 525 1433 565 (lie

125 599 220 626 cum
251 583 482 625 Antilocho
513 582 710 625 Nestoris
741 583 828 625 filio
862 583 915 624 ad
947 583 1226 624 constitutum
1257 584 1434 624 veniunt

125 643 334 698 simulque
371 643 519 683 fanum
556 641 771 696 Apollinis
808 642 1124 697 ingrediuntur,
1161 642 1348 697 undique
1383 657 1434 683 ex

123 702 289 743 insidiis
334 703 583 755 occurrunt,
631 701 719 742 tela
762 701 999 742 coniciunt:
1057 700 1178 742 Paris
1226 700 1432 742 hortatur.
1454 716 1486 740 10

124 760 313 802 Achilles
357 774 452 801 cum
489 759 722 801 Antilocho
774 759 947 801 brachio
996 759 1168 801 sinistro
1212 759 1432 814 chlamyde

123 819 317 861 involuto
368 832 491 860 enses
548 819 696 860 dextra
750 821 945 859 tenentes
998 818 1204 872 impetum
1256 818 1433 860 faciunt.

124 878 273 919 exinde
323 877 512 919 Achilles
557 878 714 919 multos
765 877 928 918 occidit.
1016 876 1260 918 Alexander
1308 877 1431 918 Anti-

124 936 294 978 lochum
343 936 551 978 interimit
587 936 812 990 ipsumque
849 935 1061 977 Achillem
1099 936 1246 977 multis
1294 936 1432 990 plagis

124 995 324 1037 confodit.
373 995 434 1036 ita
452 994 642 1036 Achilles
673 994 860 1036 animam
893 1009 943 1035 ex
974 994 1140 1035 insidiis
1171 995 1430 1050 nequiquam
1452 1008 1485 1034 15

122 1054 291 1095 fortiter
332 1053 492 1094 faciens
544 1054 698 1094 amisit.
779 1067 903 1108 quem
954 1053 1197 1094 Alexander
1244 1054 1345 1094 feris
1390 1058 1432 1095 et

122 1113 363 1154 volucribus
388 1112 522 1166 proici
553 1113 681 1154 iubet.
730 1112 811 1154 hoc
842 1126 895 1153 ne
927 1112 1057 1153 faciat
1081 1112 1270 1154 Helenus
1296 1116 1432 1167 rogat,

121 1174 224 1212 tunc
262 1185 333 1213 eos
372 1171 421 1212 de
458 1171 559 1213 fano
598 1171 676 1212 eici
713 1171 831 1213 iubet
874 1174 915 1212 et
954 1171 1039 1212 suis
1077 1171 1206 1212 tradi:
1252 1186 1431 1226 quorum

123 1244 300 1284 corpora
328 1232 500 1284 accepta
519 1229 670 1284 Argivi
694 1230 740 1271 in
760 1232 900 1271 castra
927 1230 1081 1271 ferunt.
1130 1229 1430 1286 Agamemnon

123 1302 195 1330 eos
245 1288 471 1344 magnifico
515 1288 663 1330 funere
708 1289 828 1330 effert
870 1289 1112 1344 Achillique
1160 1290 1429 1344 sepulchrum
1450 1303 1484 1328 20

219 1483 235 1512 1
259 1477 349 1512 satis
370 1477 442 1512 sibi
461 1478 583 1512 uisum
605 1488 682 1512 esse
703 1477 737 1512 L
781 1477 871 1512 satis
892 1488 970 1512 esse
992 1487 1078 1512 suae
1098 1477 1199 1512 uitae
1214 1477 1247 1512 G
1290 1477 1432 1512 victum

122 1535 139 1559 e
158 1526 365 1560 coniectura
383 1526 515 1569 scripsi
606 1529 625 1558 2
647 1524 832 1559 occideret
851 1525 889 1559 et
908 1524 941 1558 L
985 1524 1182 1559 occidisset
1202 1524 1235 1559 G
1258 1524 1262 1569 Ι
1285 1524 1432 1569 quod—

122 1571 310 1618 promisit]
343 1572 432 1616 quia
467 1571 687 1606 temerarius
725 1573 806 1606 erat
840 1571 1040 1606 alexander
1077 1572 1150 1606 cito
1185 1571 1357 1616 promisit
1392 1582 1432 1606 se

121 1619 307 1653 facturum
347 1618 380 1654 G
488 1622 508 1653 3
542 1619 746 1664 eliguntur]
775 1618 959 1653 ducuntur
997 1618 1030 1653 G
1061 1620 1066 1663 1
1096 1619 1225 1653 fanum
1261 1618 1296 1653 L
1410 1624 1430 1653 5

121 1665 491 1711 sicuti—nuntium]
518 1666 652 1710 priami
678 1666 802 1700 uerbis
829 1665 893 1710 qui
918 1676 962 1701 ea
988 1676 1083 1710 quae
1117 1666 1161 1701 de
1195 1666 1432 1710 sponsalibus

119 1711 292 1747 facienda
317 1714 403 1748 sunt
428 1712 530 1748 dicat
556 1712 589 1747 G
685 1718 705 1748 6
730 1713 852 1748 laetus
872 1723 936 1748 om.
958 1712 990 1748 G
1090 1717 1108 1747 7
1135 1713 1377 1757 consequenti
1398 1713 1433 1746 L

121 1762 142 1793 8
169 1759 361 1804 antiloquo
388 1760 422 1795 G
471 1759 633 1795 antiloco
660 1760 711 1802 L,
736 1761 843 1795 etiam
869 1760 972 1803 infra
993 1762 998 1803 Ι
1022 1760 1126 1794 uenit
1145 1760 1179 1795 G
1275 1764 1295 1794 9
1321 1760 1432 1794 simul

119 1805 220 1840 intro
245 1805 283 1840 in
308 1806 332 1841 f.
361 1806 394 1841 G
422 1808 427 1851 Ι
454 1806 572 1842 intrat
598 1807 630 1842 G
735 1811 778 1842 10
810 1807 1262 1842 occurrunt—coniciunt
1293 1818 1358 1841 om.
1386 1807 1430 1850 L,

123 1858 163 1887 11
199 1853 383 1888 chlamide
417 1853 451 1889 G
505 1854 663 1889 clamide
695 1854 730 1888 L
837 1858 878 1888 12
912 1864 1033 1888 enses:
1073 1853 1216 1888 faciunt
1247 1855 1288 1888 in
1318 1865 1430 1899 mary.

121 1899 275 1934 dextera
299 1901 489 1936 tenentem
514 1901 696 1945 impetum
715 1901 749 1935 L
773 1912 874 1945 quem
899 1901 972 1943 fere
1001 1911 1143 1944 sequor,
1170 1900 1302 1935 dextra
1327 1911 1431 1936 enses

120 1948 291 1982 tenentes
328 1946 352 1982 f.
392 1947 480 1992 imp.
520 1947 553 1982 G
670 1951 712 1982 13
746 1948 878 1982 exinde
916 1958 982 1982 om.
1022 1948 1055 1982 G
1172 1952 1215 1983 14
1250 1947 1433 1982 interimit

118 1993 155 2027 B
203 1992 394 2029 interemit
418 1994 452 2028 L
471 2005 536 2029 om.
559 1994 591 2030 G
614 1996 619 2039 1
640 1995 851 2040 ipsumque]
879 1996 917 2029 et
943 1994 975 2030 G
1074 1999 1116 2029 15
1144 1994 1352 2030 confodiuit
1370 1995 1403 2028 L
1424 1995 1430 2040 1

118 2051 283 2088 Achilles
303 2063 368 2088 om.
389 2052 424 2087 L
445 2052 449 2098 Ι
472 2064 706 2098 nequaquam
727 2053 761 2089 G
810 2053 1077 2098 necquicquam
1098 2053 1132 2087 L
1228 2058 1270 2088 16
1290 2065 1432 2099 pauens

118 2098 153 2133 L
190 2100 232 2134 in
269 2111 383 2145 mary.
419 2100 559 2135 faciens
591 2102 596 2145 1
629 2101 795 2136 ammisit
825 2100 860 2134 L
891 2103 894 2143 Ι
925 2101 1029 2146 feris]
1063 2100 1199 2135 auferri
1232 2100 1266 2135 G
1388 2105 1430 2135 17

118 2148 228 2191 rogat
275 2147 396 2182 multa
427 2158 719 2183 commemorans
750 2147 926 2193 prohibet
956 2148 988 2182 G
1094 2152 1137 2182 18
1168 2147 1432 2182 tunc—iubet

119 2201 185 2227 om.
267 2194 668 2241 lqiiorum—Argiui]
706 2194 878 2230 achillem
914 2194 1117 2229 ant³locum
1153 2195 1209 2229 sui
1245 2194 1277 2229 G
1385 2198 1430 2229 20

120 2239 198 2284 eos]
225 2241 398 2322 achigem
438 2241 471 2276 G
500 2244 504 2285 Ι
534 2241 754 2286 achillisque
792 2241 1028 2286 sepulchrum
1064 2242 1097 2276 L
1162 2244 1200 2277 et
1233 2244 1275 2276 ut
1310 2241 1428 2287 sepul-

120 2297 222 2320 crum
248 2298 281 2322 ei
345 2315 352 2322 .
