1607 2536
154 70 179 109 8
587 69 796 105 DARETIS
822 70 1024 105 PHRYGM

151 165 418 219 responderit
455 167 496 205 et
541 164 752 218 quomodo
785 165 837 206 ab
875 165 959 206 illis
991 168 1196 207 tractatus
1230 168 1285 208 sit
1317 167 1458 207 simul-

154 237 234 278 que
265 223 461 264 hortatur
492 222 726 275 Priamum,
758 225 806 264 ut
837 237 907 265 eos
939 224 1050 265 bello
1081 229 1369 280 persequatur.

271 280 345 322 VI.
408 279 621 322 Continuo
665 280 859 323 Priamus
913 281 1021 323 filios
1068 283 1209 323 vocari
1257 283 1389 324 iubet
1417 286 1459 324 et

154 354 301 381 omnes
352 340 509 380 amicos
559 353 657 380 suos
716 339 977 382 Antenorem
1022 340 1239 382 Anchisen
1281 341 1457 382 Aenean

117 409 133 435 5
152 397 418 453 Ucalegonta
438 397 715 439 Bucolionem
734 397 947 439 Panthum
971 397 1230 452 Lamponem
1251 402 1293 440 et
1313 413 1459 441 omnes

151 457 280 510 filios,
324 456 396 510 qui
441 470 490 497 ex
528 456 774 497 concubinis
817 457 909 497 nati
952 460 1084 498 erant.
1158 458 1229 512 qui
1272 461 1319 498 ut
1362 471 1458 510 con-

151 518 377 567 venerunt,
418 514 523 555 dixit
561 514 619 555 eis
653 528 696 555 se
734 514 997 556 Antenorem
1035 515 1223 570 legatum
1254 516 1299 556 in
1332 515 1459 557 Grae-

153 573 261 614 ciam
299 572 482 626 misisse,
525 575 573 613 ut
609 572 654 613 hi
693 573 774 614 sibi
811 573 1104 614 satisfacerent
1142 573 1253 628 quod
1294 577 1459 628 patrem

153 636 277 672 suum
308 634 548 684 necassent,
583 630 817 672 Hesionam
849 632 930 672 sibi
961 631 1202 673 redderent:
1235 632 1330 673 illos
1363 646 1459 674 con-

102 702 134 726 10
154 690 376 731 tumeliose
414 692 618 744 tractasse
656 689 903 731 Antenorem
941 693 983 730 et
1013 690 1275 731 Antenorem
1314 690 1366 731 ab
1401 691 1460 731 eis

152 748 260 789 nihil
291 748 551 802 impetrasse.
622 747 767 788 verum
805 748 1006 802 quoniam
1039 762 1159 789 suam
1198 748 1461 789 voluntatem

151 807 288 848 facere
325 807 579 858 noluissent,
615 806 749 847 videri
781 806 862 847 sibi
894 806 1123 847 exercitum
1164 806 1209 847 in
1241 805 1461 847 Graeciam

152 865 266 906 mitti
287 865 359 920 qui
377 878 537 918 poenas
558 867 798 918 repeterent
818 865 870 905 ab
897 865 974 916 eis,
1004 879 1056 905 ne
1079 865 1283 906 barbaros
1311 864 1461 906 Graeci

152 923 302 964 inrisui
348 923 566 964 haberent.
643 923 921 977 hortatusque
963 926 1028 964 est
1071 922 1265 964 Priamus
1306 923 1462 964 liberos

100 992 132 1018 15
154 996 269 1035 suos,
300 984 348 1022 ut
373 981 462 1022 eius
487 982 548 1022 rei
579 981 791 1035 principes
823 981 980 1033 forent,
1012 981 1194 1022 maxime
1220 980 1463 1033 Hectorem,

153 1043 243 1081 erat
275 1040 390 1081 enim
421 1040 557 1081 maior
587 1042 702 1080 natu.
754 1040 825 1094 qui
857 1039 996 1093 coepit
1028 1039 1163 1080 dicere
1194 1054 1237 1080 se
1269 1040 1462 1081 volunta·

151 1101 239 1139 tem
288 1098 422 1152 patris
471 1098 783 1139 vindicaturum
838 1101 880 1139 et
935 1097 1237 1139 Laomedontis
1282 1099 1349 1138 avi
1398 1099 1464 1139 sui

152 1170 300 1198 necem
344 1160 385 1198 et
426 1170 712 1211 quascumque
756 1156 931 1197 iniurias
974 1155 1124 1197 Graeci
1167 1156 1363 1198 Troianis
1404 1156 1462 1197 fe-

153 1215 328 1267 cissent,
355 1218 644 1267 executurum,
670 1228 723 1255 ne
749 1215 994 1268 inpunitum
1019 1214 1062 1255 id
1086 1214 1209 1256 Grais
1234 1215 1361 1266 foret,
1391 1215 1463 1256 sed

99 1285 133 1309 20
155 1274 304 1326 vereri,
343 1287 396 1314 ne
433 1273 632 1327 perficere
664 1287 752 1314 non
782 1276 958 1327 possent
985 1273 1097 1327 quod
1129 1273 1270 1314 conati
1303 1276 1462 1314 essent:

103 1339 112 1342 ““
154 1333 311 1373 multos
333 1332 546 1373 adiutores
568 1330 768 1372 Graeciae
794 1332 977 1385 futuros,
1003 1330 1221 1385 Europam
1240 1331 1463 1387 bellicosos

153 1390 348 1431 homines
374 1390 550 1444 habere,
582 1388 731 1431 Asiam
758 1404 923 1444 semper
947 1390 992 1430 in
1013 1389 1172 1430 desidia
1191 1390 1322 1431 vitam
1350 1403 1463 1430 exer-

154 1449 291 1490 cuisse
324 1452 366 1490 et
398 1448 451 1489 ob
483 1448 527 1488 id
559 1449 737 1489 classem
769 1463 856 1489 non
886 1448 1054 1489 habere.

252 1568 268 1598 1
296 1563 538 1608 responderet
563 1563 596 1597 G
644 1563 877 1607 responderit
901 1562 940 1597 F
962 1573 1057 1607 resp.
1084 1564 1121 1598 et
1147 1574 1269 1606 quom
1290 1572 1354 1596 om.
1378 1562 1434 1596 M
1457 1562 1460 1602 1

154 1612 337 1645 tractatus
374 1610 437 1655 sit]
494 1610 674 1645 tractauit
707 1610 756 1644 M
850 1614 869 1644 2
902 1609 1072 1644 hortatus
1106 1611 1163 1644 est
1196 1610 1244 1644 M
1290 1609 1350 1643 hic
1380 1609 1464 1643 hor-

154 1659 257 1691 tatur
277 1657 311 1691 G
333 1659 337 1698 J
359 1657 549 1691 Priamum
568 1667 634 1692 om.
656 1656 690 1691 G
782 1660 802 1690 3
824 1656 965 1702 uocari]
988 1667 1072 1691 suos
1093 1656 1127 1691 G
1221 1660 1244 1690 4
1263 1655 1465 1701 angchisen

154 1704 297 1738 Eneam
317 1703 350 1737 G
447 1707 467 1737 5
500 1703 717 1748 Uchalegon
745 1703 794 1737 M
801 1702 834 1737 G
882 1703 1113 1747 Ucalegonta
1138 1703 1173 1736 B
1197 1704 1200 1746 Ι
1223 1685 1463 1736 Bucolioneni

155 1761 220 1785 om.
255 1750 305 1784 M
355 1749 611 1795 pignalionem
644 1750 676 1784 G
707 1753 869 1784 nostrum
902 1750 1105 1784 Mercerz'us
1133 1749 1138 1793 Ι
1166 1749 1349 1794 panthum
1385 1748 1424 1782 F
1429 1749 1465 1782 A

156 1796 351 1832 Talanaim
387 1797 435 1830 M
488 1796 739 1840 thaphantum
771 1796 804 1830 G
832 1799 835 1838 k
863 1796 1066 1841 lampotem
1100 1796 1150 1829 M
1177 1806 1242 1830 om.
1271 1795 1303 1830 G
1358 1794 1466 1829 Lam-

155 1854 290 1888 ponem
328 1843 532 1878 Merca-ius
564 1848 566 1886 1
600 1845 637 1878 et
675 1843 927 1877 omnes—eis
973 1852 1039 1877 om.
1076 1842 1109 1877 G
1223 1845 1242 1876 7
1278 1841 1331 1887 se]
1369 1841 1464 1875 Sane

158 1891 207 1924 M
308 1894 350 1925 10
382 1891 588 1924 tractantes
625 1890 673 1923 Μ
680 1890 713 1924 G
766 1892 946 1924 tractasse
979 1889 1018 1923 F
1044 1892 1046 1932 t
1076 1890 1302 1924 Antenorem
1336 1888 1466 1922 addida?

151 1940 235 1981 post
254 1938 452 1980 tractasse,
480 1936 703 1977 Dederz'chus
727 1937 846 1970 uoluit
872 1935 1135 1971 contumeliose
1163 1946 1218 1979 se,
1243 1935 1338 1979 quod
1362 1935 1466 1969 habet

157 1984 196 2017 F
216 1986 219 2026 [
243 1983 296 2017 1111
322 1984 368 2018 ab
394 1983 447 2017 eis
475 1982 508 2018 G
607 1988 648 2017 11
682 1983 781 2027 quod
813 1988 892 2018 erat
927 1983 1010 2018 adel.
1038 1983 1088 2016 M
1111 1986 1193 2016 ante
1226 1993 1356 2017 uerum
1377 1981 1381 2025 ἱ
1403 1991 1466 2015 110-

157 2031 302 2064 luntate
323 2030 360 2064 id
380 2029 404 2064 f.
427 2031 513 2073 (om.
535 2032 653 2074 suam)
677 2030 725 2064 M
818 2034 859 2064 13
887 2029 1091 2074 reperirent
1112 2029 1161 2063 M
1181 2031 1183 2071 Ι
1208 2029 1254 2063 ab
1275 2028 1327 2063 eis
1347 2038 1412 2062 om.
1434 2027 1467 2061 G

160 2080 203 2111 14
228 2076 345 2110 inrisu
367 2076 415 2110 M
434 2077 438 2116 Ι
462 2076 613 2121 liberos]
641 2076 737 2111 filios
758 2076 791 2111 G
889 2080 930 2110 15
951 2086 1121 2110 maxume
1141 2076 1176 2110 B
1276 2079 1318 2109 16
1342 2076 1466 2108 autem

159 2123 209 2157 M
215 2122 248 2158 G
297 2123 395 2157 enim
420 2122 456 2168 R
473 2122 528 2164 ΓΙ
551 2123 648 2157 uelle
675 2127 757 2157 ante
783 2133 820 2157 se
848 2123 897 2156 M
903 2122 951 2163 G
978 2132 1042 2156 om
1071 2123 1139 2157 alii
1236 2125 1278 2155 17
1305 2121 1466 2155 uindica-

157 2170 298 2215 turum]
336 2169 467 2213 exequi
500 2168 533 2203 G
632 2173 674 2204 18
706 2180 833 2203 necem
864 2168 993 2204 ulcisci
1019 2168 1052 2203 G
1151 2173 1192 2203 19
1227 2168 1467 2202 executurum

158 2228 224 2251 om.
246 2216 279 2250 G
301 2218 305 2260 Ι
329 2216 367 2250 id
387 2226 452 2250 om.
474 2214 507 2249 G
604 2219 648 2250 20
674 2218 825 2260 possent
852 2215 905 2259 F,
932 2216 1004 2249 rell.
1027 2215 1099 2257 fere
1117 2215 1327 2260 potuissent
1422 2217 1466 2247 23

158 2263 205 2297 ob
233 2263 289 2309 id]
315 2263 398 2297 ideo
426 2262 459 2297 G
481 2265 484 2302 l
508 2262 656 2296 classim
683 2262 726 2296 G.
