1607 2536
386 151 542 187 INDEX
567 150 804 186 NOMINUM
830 150 892 185 ET
918 150 1102 186 RERUM.
1348 151 1404 193 67

91 247 251 284 Thracia
276 251 338 292 22,
360 250 402 282 19
432 250 495 290 23,
516 250 536 281 3
811 245 984 279 vulnerat
1009 248 1070 288 39,
1093 248 1112 279 5
1157 244 1203 280 ab
1237 255 1280 280 eo
1312 246 1404 280 occi-

93 295 328 340 Thymbraea
346 294 456 339 porta
476 292 608 328 Troiae
629 297 661 336 6,
683 295 727 327 14
812 292 914 327 ditur
943 295 1006 335 39,
1030 295 1072 326 17

92 342 329 387 Tlepolemus
355 352 400 376 ex
420 340 553 375 Rhodo
573 339 727 375 Graeco·
765 338 955 384 Ucalegon
974 338 1144 383 princeps
1159 338 1405 374 Troianorum

138 401 222 424 rum
246 389 321 424 dux
347 392 408 432 13,
429 391 472 422 21
501 391 561 432 18,
584 391 625 422 13
812 390 850 429 8,
873 390 892 420 5
932 385 1102 420 coniurat
1129 396 1213 420 cum
1244 385 1328 420 aliis
1357 386 1405 421 ad

90 436 222 471 Tricca
248 440 307 480 18,
330 439 372 470 11
811 432 973 478 patriam
998 432 1228 477 prodendam
1253 436 1315 478 47,
1336 437 1358 468 4

91 482 202 518 Troia
237 483 284 518 ab
321 482 479 517 Hercule
513 481 659 526 capitur
694 485 727 525 5,
764 480 890 515 Ulixes
911 491 955 515 ex
975 480 1105 515 Ithaca
1129 484 1189 523 18,
1211 483 1230 514 7
1269 480 1403 515 descri-

140 534 182 565 11
249 540 272 564 a
312 528 461 564 Priamo
505 528 726 572 restituitur,
812 527 914 562 bitur
938 531 992 571 16,
1015 531 1057 562 18
1082 527 1127 562 U.
1148 528 1186 562 et
1204 525 1404 563 Diomedes

137 578 268 622 portae
303 580 344 620 6,
379 580 420 610 11
476 575 638 621 proditio
671 579 727 619 44,
812 574 930 620 legati
962 573 1009 608 ad
1034 573 1223 609 Priamum
1251 574 1405 609 mittun-

143 627 184 658 19
812 623 874 656 tur
894 625 955 665 20,
977 624 1020 655 25
1042 624 1103 665 27,
1126 625 1168 656 13
1204 621 1247 657 U.
1269 621 1406 657 Nestor

93 670 255 706 Troiana
281 671 391 715 porta
418 669 550 704 Troiae
577 674 615 713 6,
639 673 681 704 14
812 668 1009 703 Diomedes
1041 668 1088 702 ad
1113 668 1297 704 Achissem
1321 667 1405 703 mit-

93 716 239 753 Troilus
262 716 402 752 Priami
426 716 524 752 filius
551 721 588 761 6,
609 720 631 750 4
668 716 730 751 de·
813 717 944 750 tuntur
978 715 1026 749 ad
1060 726 1144 750 eum
1178 714 1404 760 placandum

139 764 315 800 scribitur
346 768 406 807 15,
434 767 454 798 7
498 763 571 798 dux
603 762 730 798 Troia·
815 766 876 807 36,
899 767 918 797 2

139 822 270 846 norum
302 815 362 855 23,
384 815 405 846 8
448 811 586 846 multos
618 810 728 845 duces
766 813 889 845 Venus
911 808 1101 854 promittit
1119 809 1332 844 Alexandro
1352 808 1403 844 fe-

139 857 363 893 Graecorum
407 857 543 893 occidit
589 861 650 902 35,
686 861 727 892 19
813 857 953 891 minam
993 856 1281 901 pulcherrimam
1319 859 1356 899 9,
1383 860 1404 892 8

137 905 355 940 Diomedem
368 905 728 950 etAgamemnonem
813 904 891 939 eius
935 903 1063 938 fanum
1100 903 1139 938 in
1175 903 1299 939 insula.
1336 903 1405 948 Cy-

140 951 284 987 sauciat
318 955 379 996 37,
406 956 427 987 8
476 951 727 997 Myrmidones
812 951 942 986 therea
972 955 1031 995 12,
1052 954 1072 985 3

138 998 374 1044 persequitur
396 1003 458 1044 39,
479 1003 501 1034 4
544 999 729 1034 Achillem
765 997 867 1033 Zelia
892 1002 954 1041 22,
977 1002 1020 1032 15
