1607 2536
184 115 236 157 18
618 113 825 148 DARETIS
851 112 1053 148 PHRYGII

180 227 283 252 num
300 225 393 252 cum
408 211 587 251 navibus
602 222 778 250 numero
792 207 879 263 XL,
898 207 1056 249 Nestor
1070 222 1120 248 ex
1139 207 1244 261 Pylo
1259 222 1354 249 cum
1369 208 1486 249 navi-

182 272 260 311 bus
280 283 456 311 numero
477 267 651 321 LXXX,
675 267 816 309 Thoas
836 281 885 307 ex
906 267 1075 308 Aetolia
1095 280 1189 307 cum
1209 267 1390 307 navibus
1410 281 1486 307 nu·

181 343 298 370 mero
318 327 409 382 XL,
441 326 593 368 Nireus
623 340 673 367 ex
693 325 818 379 Syme
844 340 938 367 cum
964 325 1145 366 navibus
1170 339 1346 366 numero
1373 324 1492 378 LIII,

181 387 291 428 Aiax
319 386 462 428 Oileus
489 400 539 426 ex
563 384 709 426 Locris
733 399 827 426 cum
853 384 1032 425 navibus
1065 397 1242 424 numero
1267 382 1493 437 XXXVII,

147 459 163 484 5
182 445 398 499 Antiphus
431 447 473 485 et
503 443 738 497 Phidippus
771 457 821 484 ex
853 441 1042 496 Calydna
1072 456 1167 483 cum
1198 442 1379 483 navibus
1410 456 1488 482 nu-

182 518 299 546 mero
336 503 475 557 XXX,
512 502 765 544 Idomeneus
809 504 851 542 et
887 501 1098 542 Meriones
1138 514 1188 541 ex
1227 499 1353 542 Creta
1394 514 1492 541 cum

182 562 362 604 navibus
393 575 570 603 numero
598 560 773 613 LXXX,
804 559 950 601 Ulixes
984 574 1034 600 ex
1064 558 1213 600 Ithaca
1244 573 1339 600 cum
1371 559 1491 599 navi-

183 622 262 662 bus
299 634 476 662 numero
513 619 615 673 XII,
652 618 856 660 Eumelus
901 632 950 659 ex
988 618 1134 659 Pheris
1176 632 1271 659 cum
1308 617 1492 658 navibus

184 694 360 721 numero
391 679 448 733 X,
485 678 746 720 Protesilaus
786 680 827 718 et
858 676 1057 718 Podarces
1097 690 1147 716 ex
1179 675 1363 729 Phylaca
1395 689 1492 716 cum

134 752 166 774 10
186 738 366 779 navibus
392 751 569 779 numero
595 736 688 789 XL,
719 735 957 777 Podalirius
989 737 1031 776 et
1055 733 1267 775 Machaon
1289 733 1492 775 Aescula-
1559 768 1561 770 ,
1605 773 1607 775 ,

186 797 246 851 pii
295 796 371 837 filii
421 809 471 836 ex
520 795 665 836 Tricca
713 808 809 835 cum
857 793 1037 835 navibus
1088 806 1264 834 numero
1313 791 1493 845 XXXII,

187 855 375 896 Achilles
413 868 508 895 cum
545 853 743 894 Patroclo
788 855 831 893 et
867 851 1205 906 Myrmidonibus
1250 865 1300 892 ex
1338 850 1493 891 Phthia

187 928 282 955 cum
314 913 495 954 navibus
526 925 703 953 numero
734 910 785 965 L,
826 911 1095 964 Tlepolemus
1133 924 1183 950 ex
1213 908 1365 951 Rhodo
1398 923 1493 950 cum

186 972 366 1013 navibus
398 984 575 1012 numero
606 969 685 1024 IX,
726 969 969 1024 Eurypylus
1002 984 1051 1010 ex
1084 968 1282 1010 Ormenio
1314 967 1495 1009 navibus

136 1043 169 1067 15
189 1044 366 1072 numero
409 1029 503 1082 XL,
546 1028 760 1082 Antiphus
805 1031 847 1069 et
891 1027 1228 1082 Amphimachus
1272 1041 1323 1067 ex
1365 1026 1496 1068 Elide

186 1089 365 1130 navibus
391 1101 569 1129 numero
594 1087 676 1141 XI,
701 1086 938 1140 Polypoetes
966 1089 1008 1127 et
1032 1085 1241 1127 Leonteus
1262 1099 1313 1126 ex
1338 1085 1495 1139 Aryisa

285 1208 314 1238 1Κ
329 1203 407 1248 pilo
434 1202 467 1237 G
515 1202 620 1246 philo
639 1201 673 1235 L
696 1204 698 1245 Ι
721 1201 869 1236 Nestori
888 1202 932 1236 ab
953 1201 1109 1235 Homero
1129 1200 1185 1234 ΙΙ
1203 1204 1269 1235 602
1294 1200 1497 1244 uouayiuta

189 1261 302 1285 -uaues
323 1250 540 1284 tribuuntur
614 1252 633 1282 2
654 1248 795 1284 etholia
815 1248 848 1282 G
933 1252 953 1282 3
974 1247 1154 1282 Uenerius
1176 1246 1209 1282 G
1258 1246 1416 1282 Onerius
1435 1246 1490 1291 L}

189 1297 352 1333 eximina
382 1296 416 1330 L
476 1295 588 1330 eximi
620 1295 671 1338 G,
708 1296 748 1330 id
787 1299 854 1330 est:
891 1294 1027 1329 Nireus
1064 1305 1107 1329 ex
1144 1294 1252 1338 Syme
1281 1295 1284 1337 Ι
1315 1293 1497 1338 quinqua-

190 1345 296 1390 ginta
313 1343 434 1378 tribus
461 1343 494 1377 G
543 1343 723 1377 Homerus
754 1342 810 1376 II
840 1346 906 1376 671
940 1342 972 1376 ei
1002 1345 1073 1376 tres
1103 1351 1216 1376 naues
1243 1340 1384 1375 tribuit·
1475 1344 1498 1373 4

189 1391 314 1436 cyleus
348 1390 383 1424 L
488 1394 507 1424 5
538 1389 714 1434 antippus
752 1388 945 1434 philippus
980 1388 1056 1423 LG
1112 1388 1222 1422 thoas
1257 1387 1290 1422 G
1347 1388 1429 1421 toas
1464 1386 1498 1420 L

188 1437 402 1482 Anthippus
433 1435 638 1482 phidippus
668 1436 778 1470 thoas
810 1436 892 1470 edit.
926 1435 1045 1469 Veuet.
1071 1434 1258 1479 Antiphus
1291 1433 1498 1478 Phidippus

191 1485 394 1519 Mereerz'us
422 1486 426 1527 Ι
455 1483 671 1518 caledonem
702 1483 737 1516 L
791 1482 990 1517 caledonae
1024 1481 1057 1516 G
1091 1492 1156 1516 om.
1194 1481 1414 1522 Mercerffls,
1453 1491 1498 1514 ex

191 1531 359 1576 Calydna
378 1531 601 1565 Dederiehus
699 1533 717 1564 7
743 1529 861 1564 uxiles
881 1529 915 1563 L
937 1529 941 1571 Ι
963 1529 1091 1564 itacha
1109 1527 1185 1563 LG
1281 1531 1301 1562 8
1327 1527 1411 1572 XII]
1433 1527 1497 1561 XL

192 1578 223 1613 G
259 1578 263 1622 Ι
296 1577 484 1612 Aemelius
532 1588 576 1611 ex
622 1575 750 1621 pyrgis
783 1576 818 1610 L
882 1576 1054 1611 Emeleus
1094 1586 1138 1610 ex
1174 1573 1291 1620 pirgis
1331 1574 1365 1608 G
1407 1584 1497 1608 corr.

193 1625 406 1659 Mereerius.
459 1623 635 1658 Eumelus
668 1623 770 1667 apud
794 1623 993 1658 Homerum
1019 1622 1075 1656 II
1100 1625 1164 1656 713
1196 1621 1362 1656 undecim
1386 1631 1500 1655 ‘naues

191 1671 295 1706 habet
398 1675 418 1705 9
450 1670 645 1705 Protelaus
678 1669 710 1704 G
738 1670 743 1715 Ι
771 1669 1016 1714 protharchus
1049 1668 1083 1702 L
1136 1669 1311 1712 potarcus
1344 1666 1377 1701 G
1431 1666 1500 1701 Po-

193 1719 321 1756 darces
353 1717 556 1751 Mercerius
578 1719 582 1760 Ι
604 1715 739 1761 pylaca
769 1716 845 1751 LG
870 1726 959 1751 corr.
989 1716 1192 1750 Mer-cerias
1294 1718 1338 1748 10
1363 1713 1500 1748 Proda-

192 1764 296 1800 lirius
316 1764 350 1798 L
373 1766 376 1807 Ι
398 1764 581 1799 maachon
601 1763 635 1798 G
657 1765 661 1807 Ι
684 1762 879 1808 excolaphi
904 1762 972 1797 filii
994 1762 1028 1796 L
1077 1760 1305 1806 excolapifisi
1325 1759 1359 1795 G
1456 1764 1498 1795 11

1332 1815 1349 1833 0

191 1846 340 1891 textrici
376 1845 409 1881 G
458 1845 588 1881 extrici
618 1845 653 1879 L
684 1856 727 1880 ex
760 1844 890 1880 Tricca
926 1844 1129 1879 Mercerius
1160 1845 1162 1886 Ι
1191 1842 1295 1877 XXX
1325 1843 1428 1877 Ilbus
1455 1841 1502 1885 G,

194 1894 294 1937 apud
313 1893 511 1928 Homerum
531 1892 587 1926 II
604 1895 671 1927 733
693 1892 726 1926 ei
744 1892 898 1936 trimma
916 1901 1030 1926 naues
1049 1890 1263 1925 tribuuntur
1355 1892 1397 1924 12
1411 1892 1502 1933 post

193 1939 366 1974 Patroclo
398 1940 482 1974 add.
509 1938 561 1974 G:
597 1939 757 1974 nauibus
788 1948 939 1973 numero
970 1937 998 1972 L
1049 1936 1159 1972 simul
1190 1947 1253 1980 ex,
1287 1946 1353 1971 om.
1373 1939 1502 1980 postea

195 1985 352 2021 nauibus
389 1986 418 2020 L
450 1987 455 2030 Ι
486 1987 525 2021 et
555 1995 620 2020 om.
661 1985 694 2020 G
722 1987 726 2028 Ι
753 1984 1038 2020 mirmidonibus
1074 1982 1152 2018 LG
1182 1986 1186 2027 Ι
1214 1982 1322 2028 pthia
1367 1981 1502 2027 (pithia

193 2044 258 2068 sec.
297 2035 356 2077 m.)
396 2032 430 2066 L
493 2031 652 2077 thaphia
685 2032 719 2067 G
778 2031 917 2067 Phthia
954 2031 1158 2066 Mercerius
1265 2033 1306 2065 13
1346 2029 1502 2074 Theple-

193 2091 325 2125 pomus
359 2079 394 2113 L
449 2078 695 2124 telepolemus
730 2078 763 2113 G
798 2088 887 2113 corr.
923 2078 1080 2117 iuedit.
1122 2077 1240 2112 Veuet.
1272 2079 1275 2120 Ι
1304 2075 1394 2110 rodo
1425 2075 1502 2110 LG

197 2131 241 2161 14
266 2126 455 2171 Euripilus
474 2125 551 2160 LG
573 2128 576 2169 Ι
600 2135 795 2160 orcomeno
814 2124 849 2159 L
897 2135 980 2159 orco
1002 2124 1035 2159 G
1085 2122 1259 2158 Ormenio
1277 2122 1503 2157 Dederiehus

197 2177 241 2208 15
260 2172 360 2207 XLX
381 2173 413 2208 G
436 2175 439 2216 Ι
462 2172 648 2217 Antippus
669 2172 702 2207 G
744 2171 983 2216 Xantipphus
996 2171 1031 2204 L
1073 2169 1258 2215 Antiphus
1274 2169 1478 2204 Mercerius
1495 2169 1498 2213 Ι

196 2219 452 2264 amphimacus
471 2218 547 2254 LG
569 2221 572 2262 Ι
595 2218 710 2254 iliden
730 2218 806 2253 LG
848 2217 955 2253 Elide
975 2218 1057 2252 edit.
1085 2216 1203 2251 Venet.
1296 2219 1338 2251 16
1359 2215 1504 2250 Polibe-

192 2268 252 2301 tes
272 2266 307 2300 L
353 2266 528 2310 polibetis
548 2266 582 2300 G
630 2265 853 2311 Polypoetes
880 2267 917 2299 et
942 2265 1126 2300 Leonteus
1154 2263 1356 2297 Mereerius
1378 2264 1381 2306 Ι
1404 2262 1503 2297 leon—

194 2313 270 2348 tius
290 2312 366 2348 LG
388 2314 391 2356 Ι
414 2312 526 2348 larisa
544 2314 616 2356 fere
636 2323 753 2348 omues
775 2312 871 2356 libri,
892 2311 1071 2347 dothonia
1090 2309 1137 2354 F,
1158 2309 1309 2355 Argissa
1328 2309 1503 2344 Daeeria-.
